date,type,price,amount
1509235203020,b,0.05281,1
1509235203020,b,0.052781,1.204
1509235203020,b,0.05229,1
1509235203020,b,0.052232,1.428
1509235203020,b,0.052,0.437
1509235203020,b,0.05177,1
1509235203020,b,0.051517,2.605
1509235203020,b,0.05131,1.654
1509235203020,b,0.05126,1
1509235203020,b,0.05108,0.096
1509235203020,b,0.050979,3.976
1509235203020,b,0.05083,0.06
1509235203020,b,0.05075,1
1509235203020,b,0.05038,4.396
1509235203020,b,0.050299,0.502
1509235203020,b,0.05025,1
1509235203020,b,0.049802,4.425
1509235203020,b,0.04975,1
1509235203020,b,0.04971,0.8
1509235203020,b,0.049667,0.466
1509235203020,b,0.049661,4.251
1509235203020,b,0.04965,6.997
1509235203020,b,0.04964,0.849
1509235203020,b,0.049639,0.022
1509235203020,b,0.049261,2.045
1509235203020,b,0.04926,1
1509235203020,b,0.0488,3.889
1509235203020,b,0.04877,1
1509235203020,b,0.048749,4.872
1509235203020,b,0.048306,127.734
1509235203020,b,0.048261,3.92
1509235203020,b,0.04824,0.13
1509235203020,b,0.048219,0.27
1509235203020,b,0.048217,4.24
1509235203020,b,0.048215,0.857
1509235203020,b,0.048214,2.923
1509235203020,a,0.042706,0.03
1509235203020,a,0.042797,3.388
1509235203020,a,0.043063,2.717
1509235203020,a,0.043501,0.03
1509235203020,a,0.043651,3.193
1509235203020,a,0.043838,0.5
1509235203020,a,0.044116,0.03
1509235203020,a,0.044537,0.03
1509235203020,a,0.044619,5.18
1509235203020,a,0.045,0.432
1509235203020,a,0.045083,1.96
1509235203020,a,0.045229,0.092
1509235203020,a,0.045614,3.276
1509235203020,a,0.046106,1.317
1509235203020,a,0.046581,2.8
1509235203020,a,0.047077,2.8
1509235203020,a,0.047097,0.264
1509235203020,a,0.047098,2.829
1509235263022,b,0.05281,1
1509235263022,b,0.052781,1.204
1509235263022,b,0.05229,1
1509235263022,b,0.052232,1.428
1509235263022,b,0.052,0.437
1509235263022,b,0.05177,1
1509235263022,b,0.051517,2.605
1509235263022,b,0.05131,1.654
1509235263022,b,0.05126,1
1509235263022,b,0.05108,0.096
1509235263022,b,0.050979,3.976
1509235263022,b,0.05083,0.06
1509235263022,b,0.05075,1
1509235263022,b,0.05038,4.396
1509235263022,b,0.050299,0.502
1509235263022,b,0.05025,1
1509235263022,b,0.049802,4.425
1509235263022,b,0.04975,1
1509235263022,b,0.04971,0.8
1509235263022,b,0.049667,0.466
1509235263022,b,0.049661,4.251
1509235263022,b,0.04965,6.997
1509235263022,b,0.04964,0.849
1509235263022,b,0.049639,0.022
1509235263022,b,0.049261,2.045
1509235263022,b,0.04926,8.92
1509235263022,b,0.0488,3.889
1509235263022,b,0.04877,1
1509235263022,b,0.048749,4.872
1509235263022,b,0.048306,127.734
1509235263022,b,0.048261,3.92
1509235263022,b,0.04824,0.13
1509235263022,b,0.048219,0.27
1509235263022,b,0.048215,0.857
1509235263022,b,0.048214,2.923
1509235263022,a,0.042383,4.592
1509235263022,a,0.042706,0.03
1509235263022,a,0.042797,3.388
1509235263022,a,0.043063,2.717
1509235263022,a,0.043501,0.03
1509235263022,a,0.043651,3.193
1509235263022,a,0.043838,0.5
1509235263022,a,0.044116,0.03
1509235263022,a,0.044537,0.03
1509235263022,a,0.044619,5.18
1509235263022,a,0.045,0.432
1509235263022,a,0.045083,1.96
1509235263022,a,0.045229,0.092
1509235263022,a,0.045614,3.276
1509235263022,a,0.046106,23.006
1509235263022,a,0.046581,2.8
1509235263022,a,0.047077,2.8
1509235263022,a,0.047085,105.88
1509235263022,a,0.047086,2.88
1509235263022,a,0.047087,4.24
1509235323022,b,0.05281,1
1509235323022,b,0.052781,1.204
1509235323022,b,0.05229,1
1509235323022,b,0.052232,1.428
1509235323022,b,0.052,0.437
1509235323022,b,0.05177,1
1509235323022,b,0.051517,2.605
1509235323022,b,0.05131,1.654
1509235323022,b,0.05126,1
1509235323022,b,0.05108,0.096
1509235323022,b,0.050979,3.976
1509235323022,b,0.05083,0.06
1509235323022,b,0.05075,1
1509235323022,b,0.05038,4.396
1509235323022,b,0.050299,0.502
1509235323022,b,0.05025,1
1509235323022,b,0.049802,4.425
1509235323022,b,0.04975,1
1509235323022,b,0.04971,0.8
1509235323022,b,0.049667,0.466
1509235323022,b,0.049661,4.251
1509235323022,b,0.04965,6.997
1509235323022,b,0.04964,0.849
1509235323022,b,0.049639,0.022
1509235323022,b,0.049261,2.045
1509235323022,b,0.04926,8.92
1509235323022,b,0.0488,3.889
1509235323022,b,0.04877,1
1509235323022,b,0.048749,4.872
1509235323022,b,0.048261,3.92
1509235323022,b,0.04824,0.13
1509235323022,b,0.048219,0.27
1509235323022,b,0.048215,0.857
1509235323022,b,0.048214,2.923
1509235323022,a,0.042696,0.03
1509235323022,a,0.042797,3.388
1509235323022,a,0.043063,2.717
1509235323022,a,0.043491,0.03
1509235323022,a,0.043651,3.193
1509235323022,a,0.043838,0.5
1509235323022,a,0.044106,0.03
1509235323022,a,0.044526,0.03
1509235323022,a,0.044619,5.18
1509235323022,a,0.045,0.432
1509235323022,a,0.045083,1.96
1509235323022,a,0.045229,0.092
1509235323022,a,0.045614,3.276
1509235323022,a,0.046106,23.006
1509235323022,a,0.046581,2.8
1509235323022,a,0.047077,2.8
1509235323022,a,0.047089,0.264
1509235323022,a,0.047102,110.971
1509235323022,a,0.047103,2.834
1509235383023,b,0.05281,1
1509235383023,b,0.052781,1.204
1509235383023,b,0.05229,1
1509235383023,b,0.052232,1.428
1509235383023,b,0.052,0.437
1509235383023,b,0.05177,1
1509235383023,b,0.051517,2.605
1509235383023,b,0.05131,1.654
1509235383023,b,0.05126,1
1509235383023,b,0.05108,0.096
1509235383023,b,0.050979,3.976
1509235383023,b,0.05083,0.06
1509235383023,b,0.05075,1
1509235383023,b,0.05038,4.396
1509235383023,b,0.050299,0.502
1509235383023,b,0.05025,1
1509235383023,b,0.049802,4.425
1509235383023,b,0.04975,1
1509235383023,b,0.04971,0.8
1509235383023,b,0.049667,0.466
1509235383023,b,0.049661,4.251
1509235383023,b,0.04965,6.997
1509235383023,b,0.04964,0.849
1509235383023,b,0.049639,0.022
1509235383023,b,0.049261,2.045
1509235383023,b,0.04926,8.92
1509235383023,b,0.0488,3.889
1509235383023,b,0.04877,1
1509235383023,b,0.048749,4.872
1509235383023,b,0.048261,3.92
1509235383023,b,0.04824,0.13
1509235383023,b,0.048219,0.27
1509235383023,b,0.048215,0.857
1509235383023,b,0.048214,2.923
1509235383023,a,0.042696,0.03
1509235383023,a,0.042797,3.388
1509235383023,a,0.043063,2.717
1509235383023,a,0.043491,0.03
1509235383023,a,0.043651,3.193
1509235383023,a,0.043838,0.5
1509235383023,a,0.044106,0.03
1509235383023,a,0.044526,0.03
1509235383023,a,0.044619,5.18
1509235383023,a,0.045,0.432
1509235383023,a,0.045083,1.96
1509235383023,a,0.045212,0.092
1509235383023,a,0.045614,3.276
1509235383023,a,0.046106,23.006
1509235383023,a,0.046581,2.8
1509235383023,a,0.047077,2.8
1509235383023,a,0.047113,106.993
1509235383023,a,0.047114,2.804
1509235443023,b,0.05281,1
1509235443023,b,0.052781,1.204
1509235443023,b,0.05229,1
1509235443023,b,0.052232,1.428
1509235443023,b,0.052,0.437
1509235443023,b,0.05177,1
1509235443023,b,0.051517,2.605
1509235443023,b,0.05131,1.654
1509235443023,b,0.05126,1
1509235443023,b,0.05108,0.096
1509235443023,b,0.050979,3.976
1509235443023,b,0.05083,0.06
1509235443023,b,0.05075,1
1509235443023,b,0.05038,4.396
1509235443023,b,0.050299,0.502
1509235443023,b,0.05025,1
1509235443023,b,0.049802,4.425
1509235443023,b,0.04975,1
1509235443023,b,0.04971,0.8
1509235443023,b,0.049667,0.466
1509235443023,b,0.049661,4.251
1509235443023,b,0.04965,6.997
1509235443023,b,0.04964,0.849
1509235443023,b,0.049639,0.022
1509235443023,b,0.049261,2.045
1509235443023,b,0.04926,4.96
1509235443023,b,0.0488,3.889
1509235443023,b,0.04877,1
1509235443023,b,0.048749,4.872
1509235443023,b,0.048261,3.92
1509235443023,b,0.04824,0.13
1509235443023,b,0.048219,0.27
1509235443023,b,0.048215,0.857
1509235443023,b,0.048214,2.923
1509235443023,a,0.042696,0.03
1509235443023,a,0.042797,3.388
1509235443023,a,0.043063,2.717
1509235443023,a,0.043491,0.03
1509235443023,a,0.043651,3.193
1509235443023,a,0.043838,0.5
1509235443023,a,0.044106,0.03
1509235443023,a,0.044526,0.03
1509235443023,a,0.044619,5.18
1509235443023,a,0.045,0.432
1509235443023,a,0.045083,1.96
1509235443023,a,0.045212,0.092
1509235443023,a,0.045614,3.276
1509235443023,a,0.046106,23.006
1509235443023,a,0.046581,2.8
1509235443023,a,0.047077,2.8
1509235443023,a,0.047115,0.264
1509235443023,a,0.047117,4.24
1509235443023,a,0.04712,2.787
1509235503023,b,0.05281,1
1509235503023,b,0.052781,1.204
1509235503023,b,0.05229,1
1509235503023,b,0.052232,1.428
1509235503023,b,0.052,0.437
1509235503023,b,0.05177,1
1509235503023,b,0.051517,2.605
1509235503023,b,0.05131,1.654
1509235503023,b,0.05126,1
1509235503023,b,0.05108,0.096
1509235503023,b,0.050979,3.976
1509235503023,b,0.05083,0.06
1509235503023,b,0.05075,1
1509235503023,b,0.05038,4.396
1509235503023,b,0.050299,0.502
1509235503023,b,0.05025,1
1509235503023,b,0.049802,4.425
1509235503023,b,0.04975,1
1509235503023,b,0.04971,0.8
1509235503023,b,0.049667,0.466
1509235503023,b,0.049661,4.251
1509235503023,b,0.04965,6.997
1509235503023,b,0.04964,0.849
1509235503023,b,0.049639,0.022
1509235503023,b,0.049261,2.045
1509235503023,b,0.04926,4.96
1509235503023,b,0.0488,3.889
1509235503023,b,0.04877,1
1509235503023,b,0.048749,4.872
1509235503023,b,0.048261,3.92
1509235503023,b,0.04824,0.13
1509235503023,b,0.048219,0.27
1509235503023,b,0.048215,0.857
1509235503023,b,0.048213,4.24
1509235503023,b,0.048212,2.923
1509235503023,a,0.042383,4.592
1509235503023,a,0.042696,0.03
1509235503023,a,0.042797,3.388
1509235503023,a,0.043063,2.717
1509235503023,a,0.043491,0.03
1509235503023,a,0.043651,3.193
1509235503023,a,0.043838,0.5
1509235503023,a,0.044106,0.03
1509235503023,a,0.044526,0.03
1509235503023,a,0.044619,5.18
1509235503023,a,0.045,0.432
1509235503023,a,0.045083,1.96
1509235503023,a,0.045212,0.092
1509235503023,a,0.045614,3.276
1509235503023,a,0.046106,23.006
1509235503023,a,0.046581,2.8
1509235503023,a,0.047077,2.8
1509235503023,a,0.047083,110.811
1509235503023,a,0.047084,2.88
1509235503023,a,0.047085,4.24
1509235563024,b,0.05281,1
1509235563024,b,0.052781,1.204
1509235563024,b,0.05229,1
1509235563024,b,0.052232,1.428
1509235563024,b,0.052,0.437
1509235563024,b,0.05177,1
1509235563024,b,0.051517,2.605
1509235563024,b,0.05131,1.654
1509235563024,b,0.05126,1
1509235563024,b,0.05108,0.096
1509235563024,b,0.050979,3.976
1509235563024,b,0.05083,0.06
1509235563024,b,0.05075,1
1509235563024,b,0.05038,4.396
1509235563024,b,0.050299,0.502
1509235563024,b,0.05025,1
1509235563024,b,0.049802,4.425
1509235563024,b,0.04975,1
1509235563024,b,0.04971,0.8
1509235563024,b,0.049667,0.466
1509235563024,b,0.049661,4.251
1509235563024,b,0.04965,6.997
1509235563024,b,0.04964,0.849
1509235563024,b,0.049639,0.022
1509235563024,b,0.049261,2.045
1509235563024,b,0.04926,4.96
1509235563024,b,0.0488,3.889
1509235563024,b,0.04877,1
1509235563024,b,0.048749,4.872
1509235563024,b,0.048261,3.92
1509235563024,b,0.04824,0.13
1509235563024,b,0.048219,0.27
1509235563024,b,0.048215,0.857
1509235563024,b,0.048213,4.24
1509235563024,b,0.048212,2.923
1509235563024,a,0.042696,0.03
1509235563024,a,0.042797,3.388
1509235563024,a,0.043063,2.717
1509235563024,a,0.043491,0.03
1509235563024,a,0.043651,3.193
1509235563024,a,0.043838,0.5
1509235563024,a,0.044106,0.03
1509235563024,a,0.044526,0.03
1509235563024,a,0.044619,5.18
1509235563024,a,0.045,0.432
1509235563024,a,0.045083,1.96
1509235563024,a,0.045212,0.092
1509235563024,a,0.045614,3.276
1509235563024,a,0.046106,23.006
1509235563024,a,0.046581,2.8
1509235563024,a,0.047077,2.8
1509235563024,a,0.047086,0.264
1509235563024,a,0.047096,112.113
1509235563024,a,0.047097,2.847
1509235623025,b,0.05281,1
1509235623025,b,0.052781,1.204
1509235623025,b,0.05229,1
1509235623025,b,0.052232,1.428
1509235623025,b,0.052,0.437
1509235623025,b,0.05177,1
1509235623025,b,0.051517,2.605
1509235623025,b,0.05131,1.654
1509235623025,b,0.05126,1
1509235623025,b,0.05108,0.096
1509235623025,b,0.050979,3.976
1509235623025,b,0.05083,0.06
1509235623025,b,0.05075,1
1509235623025,b,0.05038,4.396
1509235623025,b,0.050299,0.502
1509235623025,b,0.05025,1
1509235623025,b,0.049802,4.425
1509235623025,b,0.04975,1
1509235623025,b,0.04971,0.8
1509235623025,b,0.049667,0.466
1509235623025,b,0.049661,4.251
1509235623025,b,0.04965,6.997
1509235623025,b,0.04964,0.849
1509235623025,b,0.049639,0.022
1509235623025,b,0.049261,2.045
1509235623025,b,0.04926,4.96
1509235623025,b,0.0488,3.889
1509235623025,b,0.04877,1
1509235623025,b,0.048749,4.872
1509235623025,b,0.048261,3.92
1509235623025,b,0.04824,0.13
1509235623025,b,0.048219,0.27
1509235623025,b,0.048215,0.857
1509235623025,b,0.048212,2.923
1509235623025,a,0.042713,0.03
1509235623025,a,0.042797,3.388
1509235623025,a,0.043063,2.717
1509235623025,a,0.043508,0.03
1509235623025,a,0.043651,3.193
1509235623025,a,0.043838,0.5
1509235623025,a,0.044123,0.03
1509235623025,a,0.044544,0.03
1509235623025,a,0.044619,5.18
1509235623025,a,0.045,0.432
1509235623025,a,0.045083,1.96
1509235623025,a,0.045212,0.092
1509235623025,a,0.045614,3.276
1509235623025,a,0.046106,23.006
1509235623025,a,0.046581,2.8
1509235623025,a,0.047077,2.8
1509235623025,a,0.047079,4.24
1509235623025,a,0.047106,112.094
1509235623025,a,0.047107,2.818
1509235683026,b,0.05281,1
1509235683026,b,0.052781,1.204
1509235683026,b,0.05229,1
1509235683026,b,0.052232,1.428
1509235683026,b,0.052,0.437
1509235683026,b,0.05177,1
1509235683026,b,0.051517,2.605
1509235683026,b,0.05131,1.654
1509235683026,b,0.05126,1
1509235683026,b,0.05108,0.096
1509235683026,b,0.050979,7.936
1509235683026,b,0.05083,0.06
1509235683026,b,0.05075,1
1509235683026,b,0.05038,4.396
1509235683026,b,0.050299,0.502
1509235683026,b,0.05025,1
1509235683026,b,0.049802,4.425
1509235683026,b,0.04975,1
1509235683026,b,0.04971,0.8
1509235683026,b,0.049667,0.466
1509235683026,b,0.049661,4.251
1509235683026,b,0.04965,6.997
1509235683026,b,0.04964,0.849
1509235683026,b,0.049639,0.022
1509235683026,b,0.049261,2.045
1509235683026,b,0.04926,1
1509235683026,b,0.0488,3.889
1509235683026,b,0.04877,1
1509235683026,b,0.048749,4.872
1509235683026,b,0.048261,3.92
1509235683026,b,0.04824,0.13
1509235683026,b,0.048219,0.27
1509235683026,b,0.048217,4.24
1509235683026,b,0.048216,2.923
1509235683026,a,0.042713,0.03
1509235683026,a,0.042797,3.388
1509235683026,a,0.043063,2.717
1509235683026,a,0.043508,0.03
1509235683026,a,0.043651,3.193
1509235683026,a,0.043838,0.5
1509235683026,a,0.044123,0.03
1509235683026,a,0.044544,0.03
1509235683026,a,0.044619,5.18
1509235683026,a,0.045,0.432
1509235683026,a,0.045083,1.96
1509235683026,a,0.045212,0.092
1509235683026,a,0.045614,25.199
1509235683026,a,0.046106,1.317
1509235683026,a,0.046581,2.8
1509235683026,a,0.047077,2.8
1509235683026,a,0.047109,0.264
1509235683026,a,0.04712,112.056
1509235683026,a,0.047121,2.79
1509235743026,b,0.05281,1
1509235743026,b,0.052781,1.204
1509235743026,b,0.05229,1
1509235743026,b,0.052232,1.428
1509235743026,b,0.052,0.437
1509235743026,b,0.05177,1
1509235743026,b,0.051517,2.605
1509235743026,b,0.05131,1.654
1509235743026,b,0.05126,1
1509235743026,b,0.05108,0.096
1509235743026,b,0.050979,7.936
1509235743026,b,0.05083,0.06
1509235743026,b,0.05075,1
1509235743026,b,0.05038,4.396
1509235743026,b,0.050299,0.502
1509235743026,b,0.05025,1
1509235743026,b,0.049802,4.425
1509235743026,b,0.04975,1
1509235743026,b,0.04971,0.8
1509235743026,b,0.049667,0.466
1509235743026,b,0.049661,4.251
1509235743026,b,0.04965,6.997
1509235743026,b,0.04964,0.849
1509235743026,b,0.049639,0.022
1509235743026,b,0.049261,2.045
1509235743026,b,0.04926,1
1509235743026,b,0.0488,3.889
1509235743026,b,0.04877,1
1509235743026,b,0.048749,4.872
1509235743026,b,0.048261,3.92
1509235743026,b,0.04824,0.13
1509235743026,b,0.048219,0.27
1509235743026,b,0.048218,2.923
1509235743026,b,0.048217,4.24
1509235743026,b,0.048216,0.123
1509235743026,a,0.042713,0.03
1509235743026,a,0.042797,3.388
1509235743026,a,0.043063,2.717
1509235743026,a,0.043508,0.03
1509235743026,a,0.043651,3.193
1509235743026,a,0.043838,0.5
1509235743026,a,0.044123,0.03
1509235743026,a,0.044544,0.03
1509235743026,a,0.044619,5.18
1509235743026,a,0.045,0.432
1509235743026,a,0.045083,1.96
1509235743026,a,0.045212,0.092
1509235743026,a,0.045614,25.199
1509235743026,a,0.046106,1.317
1509235743026,a,0.046581,2.8
1509235743026,a,0.047077,2.8
1509235743026,a,0.047133,2.742
1509235743026,a,0.047134,112.028
1509235803027,b,0.05281,1
1509235803027,b,0.052781,1.204
1509235803027,b,0.05229,1
1509235803027,b,0.052232,1.428
1509235803027,b,0.052,0.437
1509235803027,b,0.05177,1
1509235803027,b,0.051517,2.605
1509235803027,b,0.05131,1.654
1509235803027,b,0.05126,1
1509235803027,b,0.05108,0.096
1509235803027,b,0.050979,7.936
1509235803027,b,0.05083,0.06
1509235803027,b,0.05075,1
1509235803027,b,0.05038,4.396
1509235803027,b,0.050299,0.502
1509235803027,b,0.05025,1
1509235803027,b,0.049802,4.425
1509235803027,b,0.04975,1
1509235803027,b,0.04971,0.8
1509235803027,b,0.049667,0.466
1509235803027,b,0.049661,4.251
1509235803027,b,0.04965,6.997
1509235803027,b,0.04964,0.849
1509235803027,b,0.049639,0.022
1509235803027,b,0.049261,2.045
1509235803027,b,0.04926,1
1509235803027,b,0.0488,3.889
1509235803027,b,0.04877,1
1509235803027,b,0.048749,4.872
1509235803027,b,0.048261,3.92
1509235803027,b,0.04824,0.13
1509235803027,b,0.048219,0.27
1509235803027,b,0.048217,0.119
1509235803027,b,0.048216,2.923
1509235803027,a,0.042713,0.03
1509235803027,a,0.042797,3.388
1509235803027,a,0.043063,2.717
1509235803027,a,0.043508,0.03
1509235803027,a,0.043651,3.193
1509235803027,a,0.043838,0.5
1509235803027,a,0.044123,0.03
1509235803027,a,0.044544,0.03
1509235803027,a,0.044619,5.18
1509235803027,a,0.045,0.432
1509235803027,a,0.045083,1.96
1509235803027,a,0.045212,0.092
1509235803027,a,0.045614,25.199
1509235803027,a,0.046106,1.317
1509235803027,a,0.046581,2.8
1509235803027,a,0.047077,2.8
1509235803027,a,0.047135,0.264
1509235803027,a,0.04714,2.733
1509235803027,a,0.047141,112.011
1509235863027,b,0.05281,1
1509235863027,b,0.052781,1.204
1509235863027,b,0.05229,1
1509235863027,b,0.052232,1.428
1509235863027,b,0.052,0.437
1509235863027,b,0.05177,1
1509235863027,b,0.051517,2.605
1509235863027,b,0.05131,1.654
1509235863027,b,0.05126,1
1509235863027,b,0.05108,0.096
1509235863027,b,0.050979,7.936
1509235863027,b,0.05083,0.06
1509235863027,b,0.05075,1
1509235863027,b,0.05038,4.396
1509235863027,b,0.050299,0.502
1509235863027,b,0.05025,1
1509235863027,b,0.049802,4.425
1509235863027,b,0.04975,1
1509235863027,b,0.04971,0.8
1509235863027,b,0.049667,0.466
1509235863027,b,0.049661,4.251
1509235863027,b,0.04965,6.997
1509235863027,b,0.04964,0.849
1509235863027,b,0.049639,0.022
1509235863027,b,0.049261,2.045
1509235863027,b,0.04926,1
1509235863027,b,0.0488,3.889
1509235863027,b,0.04877,1
1509235863027,b,0.048749,4.872
1509235863027,b,0.048261,3.92
1509235863027,b,0.04824,0.13
1509235863027,b,0.048219,0.27
1509235863027,b,0.048218,2.923
1509235863027,a,0.042797,3.388
1509235863027,a,0.043063,2.717
1509235863027,a,0.043508,0.03
1509235863027,a,0.043651,3.193
1509235863027,a,0.043838,0.5
1509235863027,a,0.044123,0.03
1509235863027,a,0.044544,0.03
1509235863027,a,0.044619,5.18
1509235863027,a,0.045,0.432
1509235863027,a,0.045083,1.96
1509235863027,a,0.045212,0.092
1509235863027,a,0.045614,25.199
1509235863027,a,0.046106,1.317
1509235863027,a,0.046581,2.8
1509235863027,a,0.047077,2.8
1509235863027,a,0.047144,4.24
1509235863027,a,0.04755,3.388
1509235863027,a,0.047551,1.65
1509235923028,b,0.05281,1
1509235923028,b,0.052781,1.204
1509235923028,b,0.05229,1
1509235923028,b,0.052232,1.428
1509235923028,b,0.052,0.437
1509235923028,b,0.05177,1
1509235923028,b,0.051517,2.605
1509235923028,b,0.05131,1.654
1509235923028,b,0.05126,1
1509235923028,b,0.05108,0.096
1509235923028,b,0.050979,3.976
1509235923028,b,0.05083,0.06
1509235923028,b,0.05075,1
1509235923028,b,0.05038,4.396
1509235923028,b,0.050299,0.502
1509235923028,b,0.05025,4.96
1509235923028,b,0.049802,4.425
1509235923028,b,0.04975,1
1509235923028,b,0.04971,0.8
1509235923028,b,0.049667,0.466
1509235923028,b,0.049661,4.251
1509235923028,b,0.04965,6.997
1509235923028,b,0.04964,0.849
1509235923028,b,0.049639,0.022
1509235923028,b,0.049261,2.045
1509235923028,b,0.04926,1
1509235923028,b,0.0488,3.889
1509235923028,b,0.04877,1
1509235923028,b,0.048749,4.872
1509235923028,b,0.048261,3.92
1509235923028,b,0.04824,0.13
1509235923028,b,0.048219,0.27
1509235923028,b,0.048215,0.159
1509235923028,b,0.048214,2.923
1509235923028,a,0.042797,3.388
1509235923028,a,0.043063,2.717
1509235923028,a,0.043562,0.03
1509235923028,a,0.043651,3.193
1509235923028,a,0.043838,0.5
1509235923028,a,0.044178,0.03
1509235923028,a,0.044599,0.03
1509235923028,a,0.044619,5.18
1509235923028,a,0.045,0.432
1509235923028,a,0.045083,1.96
1509235923028,a,0.045212,0.092
1509235923028,a,0.045614,3.276
1509235923028,a,0.046106,23.006
1509235923028,a,0.046581,2.8
1509235923028,a,0.047077,2.8
1509235923028,a,0.047144,4.24
1509235923028,a,0.04755,3.388
1509235923028,a,0.047552,0.261
1509235983029,b,0.05281,1
1509235983029,b,0.052781,1.204
1509235983029,b,0.05229,1
1509235983029,b,0.052232,1.428
1509235983029,b,0.052,0.437
1509235983029,b,0.05177,1
1509235983029,b,0.051517,2.605
1509235983029,b,0.05131,1.654
1509235983029,b,0.05126,1
1509235983029,b,0.05108,0.096
1509235983029,b,0.050979,3.976
1509235983029,b,0.05083,0.06
1509235983029,b,0.05075,1
1509235983029,b,0.05038,4.396
1509235983029,b,0.050299,0.502
1509235983029,b,0.05025,4.96
1509235983029,b,0.049802,4.425
1509235983029,b,0.04975,1
1509235983029,b,0.04971,0.8
1509235983029,b,0.049667,0.466
1509235983029,b,0.049661,4.251
1509235983029,b,0.04965,6.997
1509235983029,b,0.04964,0.849
1509235983029,b,0.049639,0.022
1509235983029,b,0.049261,2.045
1509235983029,b,0.04926,1
1509235983029,b,0.0488,3.889
1509235983029,b,0.04877,1
1509235983029,b,0.048749,4.872
1509235983029,b,0.048261,3.92
1509235983029,b,0.04824,0.13
1509235983029,b,0.048219,0.27
1509235983029,b,0.048217,0.035
1509235983029,b,0.048216,2.923
1509235983029,a,0.042797,3.388
1509235983029,a,0.043063,2.717
1509235983029,a,0.043562,0.03
1509235983029,a,0.043651,3.193
1509235983029,a,0.043838,0.5
1509235983029,a,0.044178,0.03
1509235983029,a,0.044599,0.03
1509235983029,a,0.044619,5.18
1509235983029,a,0.045,0.432
1509235983029,a,0.045083,1.96
1509235983029,a,0.045614,3.276
1509235983029,a,0.045648,0.091
1509235983029,a,0.046106,23.006
1509235983029,a,0.046581,2.8
1509235983029,a,0.047077,2.8
1509235983029,a,0.047144,4.24
1509235983029,a,0.04755,3.388
1509235983029,a,0.047551,1.65
1509236043029,b,0.05281,1
1509236043029,b,0.052781,1.204
1509236043029,b,0.05229,1
1509236043029,b,0.052232,1.428
1509236043029,b,0.052,0.437
1509236043029,b,0.05177,1
1509236043029,b,0.051517,2.605
1509236043029,b,0.05131,1.654
1509236043029,b,0.05126,4.96
1509236043029,b,0.05108,0.096
1509236043029,b,0.050979,3.976
1509236043029,b,0.05083,0.06
1509236043029,b,0.05075,1
1509236043029,b,0.05038,4.396
1509236043029,b,0.050299,0.502
1509236043029,b,0.05025,1
1509236043029,b,0.049802,4.425
1509236043029,b,0.04975,1
1509236043029,b,0.04971,0.8
1509236043029,b,0.049667,0.466
1509236043029,b,0.049661,4.251
1509236043029,b,0.04965,6.997
1509236043029,b,0.04964,0.849
1509236043029,b,0.049639,0.022
1509236043029,b,0.049261,2.045
1509236043029,b,0.04926,1
1509236043029,b,0.0488,3.889
1509236043029,b,0.04877,1
1509236043029,b,0.048749,4.872
1509236043029,b,0.048261,3.92
1509236043029,b,0.04824,0.13
1509236043029,b,0.048219,0.27
1509236043029,b,0.048214,2.923
1509236043029,a,0.042797,3.388
1509236043029,a,0.043063,2.717
1509236043029,a,0.043562,0.03
1509236043029,a,0.043651,3.193
1509236043029,a,0.043838,0.5
1509236043029,a,0.044178,0.03
1509236043029,a,0.044599,0.03
1509236043029,a,0.044619,5.18
1509236043029,a,0.045,0.432
1509236043029,a,0.045083,1.96
1509236043029,a,0.045614,3.276
1509236043029,a,0.045648,0.091
1509236043029,a,0.046106,23.006
1509236043029,a,0.046581,2.8
1509236043029,a,0.047077,2.8
1509236043029,a,0.047144,4.24
1509236043029,a,0.04755,3.388
1509236103029,b,0.05281,1
1509236103029,b,0.052781,1.204
1509236103029,b,0.05229,1
1509236103029,b,0.052232,1.428
1509236103029,b,0.052,0.437
1509236103029,b,0.05177,1
1509236103029,b,0.051517,2.605
1509236103029,b,0.05131,1.654
1509236103029,b,0.05126,4.96
1509236103029,b,0.05108,0.096
1509236103029,b,0.050979,3.976
1509236103029,b,0.05083,0.06
1509236103029,b,0.05075,1
1509236103029,b,0.05038,4.396
1509236103029,b,0.050299,0.502
1509236103029,b,0.05025,1
1509236103029,b,0.049802,4.425
1509236103029,b,0.04975,1
1509236103029,b,0.04971,0.8
1509236103029,b,0.049667,0.466
1509236103029,b,0.049661,4.251
1509236103029,b,0.04965,6.997
1509236103029,b,0.04964,0.849
1509236103029,b,0.049639,0.022
1509236103029,b,0.049261,2.045
1509236103029,b,0.04926,1
1509236103029,b,0.0488,3.889
1509236103029,b,0.04877,1
1509236103029,b,0.048749,4.872
1509236103029,b,0.048261,3.92
1509236103029,b,0.04824,0.13
1509236103029,b,0.048219,0.27
1509236103029,b,0.048216,2.923
1509236103029,b,0.048215,0.057
1509236103029,a,0.042797,3.388
1509236103029,a,0.043063,2.717
1509236103029,a,0.043562,0.03
1509236103029,a,0.043651,3.193
1509236103029,a,0.043838,0.5
1509236103029,a,0.044178,0.03
1509236103029,a,0.044599,0.03
1509236103029,a,0.044619,5.18
1509236103029,a,0.045,0.432
1509236103029,a,0.045083,1.96
1509236103029,a,0.045614,3.276
1509236103029,a,0.045648,0.091
1509236103029,a,0.046106,23.006
1509236103029,a,0.046581,2.8
1509236103029,a,0.047077,2.8
1509236103029,a,0.047144,4.24
1509236103029,a,0.04755,3.388
1509236163030,b,0.05281,1
1509236163030,b,0.052781,1.204
1509236163030,b,0.05229,1
1509236163030,b,0.052232,1.428
1509236163030,b,0.052,0.437
1509236163030,b,0.05177,1
1509236163030,b,0.051517,2.605
1509236163030,b,0.05131,1.654
1509236163030,b,0.05126,4.96
1509236163030,b,0.05108,0.096
1509236163030,b,0.050979,3.976
1509236163030,b,0.05083,0.06
1509236163030,b,0.05075,1
1509236163030,b,0.05038,4.396
1509236163030,b,0.050299,0.502
1509236163030,b,0.05025,1
1509236163030,b,0.049802,4.425
1509236163030,b,0.04975,1
1509236163030,b,0.04971,0.8
1509236163030,b,0.049667,0.466
1509236163030,b,0.049661,4.251
1509236163030,b,0.04965,6.997
1509236163030,b,0.04964,0.849
1509236163030,b,0.049639,0.022
1509236163030,b,0.049261,2.045
1509236163030,b,0.04926,1
1509236163030,b,0.0488,3.889
1509236163030,b,0.04877,1
1509236163030,b,0.048749,4.872
1509236163030,b,0.048261,3.92
1509236163030,b,0.04824,0.13
1509236163030,b,0.048219,0.27
1509236163030,b,0.048217,0.042
1509236163030,b,0.048216,2.923
1509236163030,a,0.042797,3.388
1509236163030,a,0.043063,2.717
1509236163030,a,0.043562,0.03
1509236163030,a,0.043651,3.193
1509236163030,a,0.043838,0.5
1509236163030,a,0.044178,0.03
1509236163030,a,0.044599,0.03
1509236163030,a,0.044619,5.18
1509236163030,a,0.045,0.432
1509236163030,a,0.045083,1.96
1509236163030,a,0.045614,3.276
1509236163030,a,0.045648,0.091
1509236163030,a,0.046106,23.006
1509236163030,a,0.046581,2.8
1509236163030,a,0.047077,2.8
1509236163030,a,0.047144,4.24
1509236163030,a,0.04755,3.388
1509236163030,a,0.047551,1.644
1509236223030,b,0.05281,1
1509236223030,b,0.052781,1.204
1509236223030,b,0.05229,1
1509236223030,b,0.052232,1.428
1509236223030,b,0.052,0.437
1509236223030,b,0.05177,1
1509236223030,b,0.051517,2.605
1509236223030,b,0.05131,1.654
1509236223030,b,0.05126,4.96
1509236223030,b,0.05108,0.096
1509236223030,b,0.050979,3.976
1509236223030,b,0.05083,0.06
1509236223030,b,0.05075,1
1509236223030,b,0.05038,4.396
1509236223030,b,0.050299,0.502
1509236223030,b,0.05025,1
1509236223030,b,0.049802,4.425
1509236223030,b,0.04975,1
1509236223030,b,0.04971,0.8
1509236223030,b,0.049667,0.466
1509236223030,b,0.049661,4.251
1509236223030,b,0.04965,6.997
1509236223030,b,0.04964,0.849
1509236223030,b,0.049639,0.022
1509236223030,b,0.049261,2.045
1509236223030,b,0.04926,1
1509236223030,b,0.0488,3.889
1509236223030,b,0.04877,1
1509236223030,b,0.048749,4.872
1509236223030,b,0.048261,3.92
1509236223030,b,0.04824,0.13
1509236223030,b,0.048219,0.27
1509236223030,b,0.048218,2.923
1509236223030,a,0.042797,3.388
1509236223030,a,0.042809,0.03
1509236223030,a,0.043063,2.717
1509236223030,a,0.043605,0.03
1509236223030,a,0.043651,3.193
1509236223030,a,0.043838,0.5
1509236223030,a,0.044222,0.03
1509236223030,a,0.044619,5.18
1509236223030,a,0.044643,0.03
1509236223030,a,0.045,0.432
1509236223030,a,0.045083,1.96
1509236223030,a,0.045614,3.276
1509236223030,a,0.045648,0.091
1509236223030,a,0.046106,23.006
1509236223030,a,0.046581,2.8
1509236223030,a,0.047077,2.8
1509236223030,a,0.047144,4.24
1509236223030,a,0.04755,3.388
1509236223030,a,0.047551,1.644
1509236283030,b,0.05281,1
1509236283030,b,0.052781,1.204
1509236283030,b,0.05229,1
1509236283030,b,0.052232,1.428
1509236283030,b,0.052,0.437
1509236283030,b,0.05177,1
1509236283030,b,0.051517,2.605
1509236283030,b,0.05131,1.654
1509236283030,b,0.05126,1
1509236283030,b,0.05108,0.096
1509236283030,b,0.050979,3.976
1509236283030,b,0.05083,0.06
1509236283030,b,0.05075,1
1509236283030,b,0.05038,4.396
1509236283030,b,0.050299,0.502
1509236283030,b,0.05025,1
1509236283030,b,0.049802,4.425
1509236283030,b,0.04975,1
1509236283030,b,0.04971,0.8
1509236283030,b,0.049667,0.466
1509236283030,b,0.049661,4.251
1509236283030,b,0.04965,6.997
1509236283030,b,0.04964,0.849
1509236283030,b,0.049639,0.022
1509236283030,b,0.049261,2.045
1509236283030,b,0.04926,4.96
1509236283030,b,0.0488,3.889
1509236283030,b,0.04877,1
1509236283030,b,0.048749,4.872
1509236283030,b,0.048261,3.92
1509236283030,b,0.04824,0.13
1509236283030,b,0.048219,0.27
1509236283030,b,0.048217,11.241
1509236283030,b,0.048216,2.923
1509236283030,a,0.042797,3.388
1509236283030,a,0.042809,0.03
1509236283030,a,0.043063,2.717
1509236283030,a,0.043605,0.03
1509236283030,a,0.043651,3.193
1509236283030,a,0.043838,0.5
1509236283030,a,0.044222,0.03
1509236283030,a,0.044619,5.18
1509236283030,a,0.044643,0.03
1509236283030,a,0.045,0.432
1509236283030,a,0.045083,1.96
1509236283030,a,0.045614,3.276
1509236283030,a,0.045648,0.091
1509236283030,a,0.046106,23.006
1509236283030,a,0.046581,2.8
1509236283030,a,0.047077,2.8
1509236283030,a,0.047144,4.24
1509236283030,a,0.04755,3.388
1509236283030,a,0.047551,1.644
1509236343031,b,0.05281,1
1509236343031,b,0.052781,1.204
1509236343031,b,0.05229,1
1509236343031,b,0.052232,1.428
1509236343031,b,0.052,0.437
1509236343031,b,0.05177,1
1509236343031,b,0.051517,2.605
1509236343031,b,0.05131,1.654
1509236343031,b,0.05126,1
1509236343031,b,0.05108,0.096
1509236343031,b,0.050979,3.976
1509236343031,b,0.05083,0.06
1509236343031,b,0.05075,1
1509236343031,b,0.05038,4.396
1509236343031,b,0.050299,0.502
1509236343031,b,0.05025,1
1509236343031,b,0.049802,4.425
1509236343031,b,0.04975,1
1509236343031,b,0.04971,0.8
1509236343031,b,0.049667,0.466
1509236343031,b,0.049661,4.251
1509236343031,b,0.04965,6.997
1509236343031,b,0.04964,0.849
1509236343031,b,0.049639,0.022
1509236343031,b,0.049261,2.045
1509236343031,b,0.04926,4.96
1509236343031,b,0.0488,3.889
1509236343031,b,0.04877,1
1509236343031,b,0.048749,4.872
1509236343031,b,0.048261,3.92
1509236343031,b,0.04824,0.13
1509236343031,b,0.048219,0.27
1509236343031,b,0.048218,2.923
1509236343031,a,0.042797,3.388
1509236343031,a,0.042809,0.03
1509236343031,a,0.043063,2.717
1509236343031,a,0.043605,0.03
1509236343031,a,0.043651,3.193
1509236343031,a,0.043838,0.5
1509236343031,a,0.044222,0.03
1509236343031,a,0.044619,5.18
1509236343031,a,0.044643,0.03
1509236343031,a,0.045,0.432
1509236343031,a,0.045083,1.96
1509236343031,a,0.045614,3.276
1509236343031,a,0.045648,0.091
1509236343031,a,0.046106,23.006
1509236343031,a,0.046581,2.8
1509236343031,a,0.047077,2.8
1509236343031,a,0.047144,4.24
1509236343031,a,0.04755,3.388
1509236343031,a,0.047551,1.644
1509236403031,b,0.05281,1
1509236403031,b,0.052781,1.204
1509236403031,b,0.05229,1
1509236403031,b,0.052232,1.428
1509236403031,b,0.052,0.437
1509236403031,b,0.05177,1
1509236403031,b,0.051517,2.605
1509236403031,b,0.05131,1.654
1509236403031,b,0.05126,1
1509236403031,b,0.05108,0.096
1509236403031,b,0.050979,3.976
1509236403031,b,0.05083,0.06
1509236403031,b,0.05075,1
1509236403031,b,0.05038,4.396
1509236403031,b,0.050299,0.502
1509236403031,b,0.05025,1
1509236403031,b,0.049802,4.425
1509236403031,b,0.04975,1
1509236403031,b,0.04971,0.8
1509236403031,b,0.049667,0.466
1509236403031,b,0.049661,4.251
1509236403031,b,0.04965,6.997
1509236403031,b,0.04964,0.849
1509236403031,b,0.049639,0.022
1509236403031,b,0.049261,2.045
1509236403031,b,0.04926,4.96
1509236403031,b,0.0488,3.889
1509236403031,b,0.04877,1
1509236403031,b,0.048749,4.872
1509236403031,b,0.048261,3.92
1509236403031,b,0.04824,0.13
1509236403031,b,0.048219,0.27
1509236403031,b,0.048217,1.66
1509236403031,b,0.048216,2.923
1509236403031,a,0.042797,3.388
1509236403031,a,0.042809,0.03
1509236403031,a,0.043063,2.717
1509236403031,a,0.043605,0.03
1509236403031,a,0.043651,3.193
1509236403031,a,0.043838,0.5
1509236403031,a,0.044222,0.03
1509236403031,a,0.044619,5.18
1509236403031,a,0.044643,0.03
1509236403031,a,0.045,0.432
1509236403031,a,0.045083,1.96
1509236403031,a,0.045614,3.276
1509236403031,a,0.045648,0.091
1509236403031,a,0.046106,23.006
1509236403031,a,0.046581,2.8
1509236403031,a,0.047077,2.8
1509236403031,a,0.047144,4.24
1509236403031,a,0.04755,3.388
1509236403031,a,0.047551,1.649
1509236463031,b,0.05281,1
1509236463031,b,0.052781,1.204
1509236463031,b,0.05229,1
1509236463031,b,0.052232,1.428
1509236463031,b,0.052,0.437
1509236463031,b,0.05177,1
1509236463031,b,0.051517,2.605
1509236463031,b,0.05131,5.614
1509236463031,b,0.05126,1
1509236463031,b,0.05108,0.096
1509236463031,b,0.050979,3.976
1509236463031,b,0.05083,0.06
1509236463031,b,0.05075,1
1509236463031,b,0.05038,4.396
1509236463031,b,0.050299,0.502
1509236463031,b,0.05025,1
1509236463031,b,0.049802,4.425
1509236463031,b,0.04975,1
1509236463031,b,0.04971,0.8
1509236463031,b,0.049667,0.466
1509236463031,b,0.049661,4.251
1509236463031,b,0.04965,6.997
1509236463031,b,0.04964,0.849
1509236463031,b,0.049639,0.022
1509236463031,b,0.049261,2.045
1509236463031,b,0.04926,1
1509236463031,b,0.0488,3.889
1509236463031,b,0.04877,1
1509236463031,b,0.048749,4.872
1509236463031,b,0.048261,3.92
1509236463031,b,0.04824,0.13
1509236463031,b,0.048219,0.27
1509236463031,b,0.048216,2.923
1509236463031,b,0.048215,0.554
1509236463031,a,0.042797,3.388
1509236463031,a,0.042809,0.03
1509236463031,a,0.043063,2.717
1509236463031,a,0.043605,0.03
1509236463031,a,0.043651,3.193
1509236463031,a,0.043838,0.5
1509236463031,a,0.044222,0.03
1509236463031,a,0.044619,5.18
1509236463031,a,0.044643,0.03
1509236463031,a,0.045,0.432
1509236463031,a,0.045083,1.96
1509236463031,a,0.045614,3.276
1509236463031,a,0.045648,0.091
1509236463031,a,0.046106,23.006
1509236463031,a,0.046581,2.8
1509236463031,a,0.047077,2.8
1509236463031,a,0.04755,3.388
1509236463031,a,0.047551,1.649
1509236463031,a,0.047552,4.24
1509236523033,b,0.05281,1
1509236523033,b,0.052781,1.204
1509236523033,b,0.05229,1
1509236523033,b,0.052232,1.428
1509236523033,b,0.052,0.437
1509236523033,b,0.05177,1
1509236523033,b,0.051517,2.605
1509236523033,b,0.05131,5.614
1509236523033,b,0.05126,1
1509236523033,b,0.05108,0.096
1509236523033,b,0.050979,3.976
1509236523033,b,0.05083,0.06
1509236523033,b,0.05075,1
1509236523033,b,0.05038,4.396
1509236523033,b,0.050299,0.502
1509236523033,b,0.05025,1
1509236523033,b,0.049802,4.425
1509236523033,b,0.04975,1
1509236523033,b,0.04971,0.8
1509236523033,b,0.049667,0.466
1509236523033,b,0.049661,4.251
1509236523033,b,0.04965,6.997
1509236523033,b,0.04964,0.849
1509236523033,b,0.049639,0.022
1509236523033,b,0.049261,2.045
1509236523033,b,0.04926,1
1509236523033,b,0.0488,3.889
1509236523033,b,0.04877,1
1509236523033,b,0.048749,4.872
1509236523033,b,0.048689,127.734
1509236523033,b,0.048261,3.92
1509236523033,b,0.04824,0.13
1509236523033,b,0.048219,0.27
1509236523033,b,0.048218,2.591
1509236523033,a,0.042839,0.03
1509236523033,a,0.043063,2.717
1509236523033,a,0.043636,0.03
1509236523033,a,0.043651,3.193
1509236523033,a,0.043838,0.5
1509236523033,a,0.044254,0.03
1509236523033,a,0.044619,5.18
1509236523033,a,0.044675,0.03
1509236523033,a,0.045,0.432
1509236523033,a,0.045083,1.96
1509236523033,a,0.045614,3.276
1509236523033,a,0.045648,0.091
1509236523033,a,0.046106,23.006
1509236523033,a,0.046581,2.8
1509236523033,a,0.047077,2.8
1509236523033,a,0.04755,3.388
1509236523033,a,0.047557,4.24
1509236583036,b,0.05281,1
1509236583036,b,0.052781,1.204
1509236583036,b,0.05229,1
1509236583036,b,0.052232,1.428
1509236583036,b,0.052,0.437
1509236583036,b,0.05177,1
1509236583036,b,0.051517,2.605
1509236583036,b,0.05131,5.614
1509236583036,b,0.05126,1
1509236583036,b,0.05108,0.096
1509236583036,b,0.050979,3.976
1509236583036,b,0.05083,0.06
1509236583036,b,0.05075,1
1509236583036,b,0.05038,4.396
1509236583036,b,0.050299,0.502
1509236583036,b,0.05025,1
1509236583036,b,0.049802,4.425
1509236583036,b,0.04975,1
1509236583036,b,0.04971,0.8
1509236583036,b,0.049667,0.466
1509236583036,b,0.049661,4.251
1509236583036,b,0.04965,6.997
1509236583036,b,0.04964,0.849
1509236583036,b,0.049639,0.022
1509236583036,b,0.049261,2.045
1509236583036,b,0.04926,1
1509236583036,b,0.0488,3.889
1509236583036,b,0.04877,1
1509236583036,b,0.048749,4.872
1509236583036,b,0.048689,127.734
1509236583036,b,0.048687,4.24
1509236583036,b,0.048686,2.591
1509236583036,b,0.04824,0.13
1509236583036,b,0.048219,0.27
1509236583036,a,0.042839,0.03
1509236583036,a,0.043063,2.717
1509236583036,a,0.043636,0.03
1509236583036,a,0.043651,3.193
1509236583036,a,0.043838,0.5
1509236583036,a,0.044254,0.03
1509236583036,a,0.044619,5.18
1509236583036,a,0.044675,0.03
1509236583036,a,0.045,0.432
1509236583036,a,0.045083,1.96
1509236583036,a,0.045614,3.276
1509236583036,a,0.045648,0.091
1509236583036,a,0.046106,23.006
1509236583036,a,0.046581,2.8
1509236583036,a,0.047077,2.8
1509236583036,a,0.04755,3.388
1509236583036,a,0.047553,1.645
1509236643036,b,0.05281,1
1509236643036,b,0.052781,1.204
1509236643036,b,0.05229,1
1509236643036,b,0.052232,1.428
1509236643036,b,0.052,0.437
1509236643036,b,0.05177,1
1509236643036,b,0.051517,2.605
1509236643036,b,0.05131,5.614
1509236643036,b,0.05126,1
1509236643036,b,0.05108,0.096
1509236643036,b,0.050979,3.976
1509236643036,b,0.05083,0.06
1509236643036,b,0.05075,1
1509236643036,b,0.05038,4.396
1509236643036,b,0.050299,0.502
1509236643036,b,0.05025,1
1509236643036,b,0.049802,4.425
1509236643036,b,0.04975,1
1509236643036,b,0.04971,0.8
1509236643036,b,0.049667,0.466
1509236643036,b,0.049661,4.251
1509236643036,b,0.04965,6.997
1509236643036,b,0.04964,0.849
1509236643036,b,0.049639,0.022
1509236643036,b,0.049261,2.045
1509236643036,b,0.04926,1
1509236643036,b,0.0488,3.889
1509236643036,b,0.04877,1
1509236643036,b,0.048749,4.872
1509236643036,b,0.048727,127.734
1509236643036,b,0.048726,2.591
1509236643036,b,0.048725,4.24
1509236643036,b,0.04824,0.13
1509236643036,b,0.048219,0.27
1509236643036,b,0.048218,0.021
1509236643036,a,0.042839,0.03
1509236643036,a,0.043063,2.717
1509236643036,a,0.043636,0.03
1509236643036,a,0.043651,3.193
1509236643036,a,0.043838,0.5
1509236643036,a,0.044254,0.03
1509236643036,a,0.044619,5.18
1509236643036,a,0.044675,0.03
1509236643036,a,0.045,0.432
1509236643036,a,0.045083,1.96
1509236643036,a,0.045614,3.276
1509236643036,a,0.045648,0.091
1509236643036,a,0.046106,23.006
1509236643036,a,0.046581,2.8
1509236643036,a,0.047077,2.8
1509236643036,a,0.04755,3.388
1509236643036,a,0.047552,4.24
1509236643036,a,0.047553,1.645
1509236703036,b,0.05281,1
1509236703036,b,0.052781,1.204
1509236703036,b,0.05229,1
1509236703036,b,0.052232,1.428
1509236703036,b,0.052,0.437
1509236703036,b,0.05177,1
1509236703036,b,0.051517,2.605
1509236703036,b,0.05131,5.614
1509236703036,b,0.05126,1
1509236703036,b,0.05108,0.096
1509236703036,b,0.050979,3.976
1509236703036,b,0.05083,0.06
1509236703036,b,0.05075,1
1509236703036,b,0.05038,4.396
1509236703036,b,0.050299,0.502
1509236703036,b,0.05025,1
1509236703036,b,0.049802,4.425
1509236703036,b,0.04975,1
1509236703036,b,0.04971,0.8
1509236703036,b,0.049667,0.466
1509236703036,b,0.049661,4.251
1509236703036,b,0.04965,6.997
1509236703036,b,0.04964,0.849
1509236703036,b,0.049639,0.022
1509236703036,b,0.049261,2.045
1509236703036,b,0.04926,1
1509236703036,b,0.0488,3.889
1509236703036,b,0.04877,1
1509236703036,b,0.048749,4.872
1509236703036,b,0.048692,127.734
1509236703036,b,0.048691,2.591
1509236703036,b,0.04824,0.13
1509236703036,b,0.048219,0.27
1509236703036,b,0.048218,0.087
1509236703036,a,0.042839,0.03
1509236703036,a,0.043063,2.717
1509236703036,a,0.043636,0.03
1509236703036,a,0.043651,3.193
1509236703036,a,0.043838,0.5
1509236703036,a,0.044254,0.03
1509236703036,a,0.044619,5.18
1509236703036,a,0.044675,0.03
1509236703036,a,0.045,0.432
1509236703036,a,0.045083,1.96
1509236703036,a,0.045614,3.276
1509236703036,a,0.045648,0.091
1509236703036,a,0.046106,23.006
1509236703036,a,0.046581,2.8
1509236703036,a,0.047077,2.8
1509236703036,a,0.04755,3.388
1509236703036,a,0.047552,4.24
1509236703036,a,0.047553,1.645
1509236763037,b,0.05281,1
1509236763037,b,0.052781,1.204
1509236763037,b,0.05229,1
1509236763037,b,0.052232,1.428
1509236763037,b,0.052,0.437
1509236763037,b,0.05177,1
1509236763037,b,0.051517,2.605
1509236763037,b,0.05131,5.614
1509236763037,b,0.05126,1
1509236763037,b,0.05108,0.096
1509236763037,b,0.050979,3.976
1509236763037,b,0.05083,0.06
1509236763037,b,0.05075,1
1509236763037,b,0.05038,4.396
1509236763037,b,0.050299,0.502
1509236763037,b,0.05025,1
1509236763037,b,0.049802,4.425
1509236763037,b,0.04975,1
1509236763037,b,0.04971,0.8
1509236763037,b,0.049667,0.466
1509236763037,b,0.049661,4.251
1509236763037,b,0.04965,6.997
1509236763037,b,0.04964,0.849
1509236763037,b,0.049639,0.022
1509236763037,b,0.049261,2.045
1509236763037,b,0.04926,1
1509236763037,b,0.0488,3.889
1509236763037,b,0.04877,1
1509236763037,b,0.048749,4.872
1509236763037,b,0.048692,127.734
1509236763037,b,0.048255,5.012
1509236763037,b,0.04824,0.13
1509236763037,b,0.048219,0.17
1509236763037,b,0.048218,2.591
1509236763037,a,0.043063,2.717
1509236763037,a,0.043636,0.03
1509236763037,a,0.043651,3.193
1509236763037,a,0.043838,0.5
1509236763037,a,0.044254,0.03
1509236763037,a,0.044619,5.18
1509236763037,a,0.044675,0.03
1509236763037,a,0.045,0.432
1509236763037,a,0.045083,1.96
1509236763037,a,0.045614,3.276
1509236763037,a,0.045648,0.091
1509236763037,a,0.046106,23.006
1509236763037,a,0.046581,2.8
1509236763037,a,0.047077,2.8
1509236763037,a,0.04755,3.388
1509236763037,a,0.047552,4.24
1509236763037,a,0.047553,1.643
1509236763037,a,0.04775,0.1
1509236823038,b,0.05281,1
1509236823038,b,0.052781,1.204
1509236823038,b,0.05229,1
1509236823038,b,0.052232,1.428
1509236823038,b,0.052,0.437
1509236823038,b,0.05177,1
1509236823038,b,0.051517,2.605
1509236823038,b,0.05131,5.614
1509236823038,b,0.05126,1
1509236823038,b,0.05108,0.096
1509236823038,b,0.050979,3.976
1509236823038,b,0.05083,0.06
1509236823038,b,0.05075,1
1509236823038,b,0.05038,4.396
1509236823038,b,0.050299,0.502
1509236823038,b,0.05025,1
1509236823038,b,0.049802,4.425
1509236823038,b,0.04975,1
1509236823038,b,0.04971,0.8
1509236823038,b,0.049667,0.466
1509236823038,b,0.049661,4.251
1509236823038,b,0.04965,6.997
1509236823038,b,0.04964,0.849
1509236823038,b,0.049639,0.022
1509236823038,b,0.049261,2.045
1509236823038,b,0.04926,1
1509236823038,b,0.0488,3.889
1509236823038,b,0.04877,1
1509236823038,b,0.048749,4.872
1509236823038,b,0.048689,127.734
1509236823038,b,0.04824,0.13
1509236823038,b,0.048219,0.17
1509236823038,a,0.043063,2.717
1509236823038,a,0.043651,3.193
1509236823038,a,0.043655,0.03
1509236823038,a,0.043838,0.5
1509236823038,a,0.044273,0.03
1509236823038,a,0.044619,5.18
1509236823038,a,0.044695,0.03
1509236823038,a,0.045,0.432
1509236823038,a,0.045083,1.96
1509236823038,a,0.045614,3.276
1509236823038,a,0.045648,0.091
1509236823038,a,0.046106,23.006
1509236823038,a,0.046581,2.8
1509236823038,a,0.047077,2.8
1509236823038,a,0.04755,3.388
1509236823038,a,0.047552,4.24
1509236823038,a,0.047594,124.55
1509236823038,a,0.04775,0.1
1509236883039,b,0.05281,1
1509236883039,b,0.052781,1.204
1509236883039,b,0.05229,1
1509236883039,b,0.052232,1.428
1509236883039,b,0.052,0.437
1509236883039,b,0.05177,1
1509236883039,b,0.051517,2.605
1509236883039,b,0.05131,5.614
1509236883039,b,0.05126,1
1509236883039,b,0.05108,0.096
1509236883039,b,0.050979,3.976
1509236883039,b,0.05083,0.06
1509236883039,b,0.05075,1
1509236883039,b,0.05038,4.396
1509236883039,b,0.050299,0.502
1509236883039,b,0.05025,1
1509236883039,b,0.049802,4.425
1509236883039,b,0.04975,1
1509236883039,b,0.04971,0.8
1509236883039,b,0.049667,0.466
1509236883039,b,0.049661,4.251
1509236883039,b,0.04965,6.997
1509236883039,b,0.04964,0.849
1509236883039,b,0.049639,0.022
1509236883039,b,0.049261,2.045
1509236883039,b,0.04926,1
1509236883039,b,0.0488,3.889
1509236883039,b,0.04877,1
1509236883039,b,0.048749,4.872
1509236883039,b,0.048748,2.5
1509236883039,b,0.04824,0.13
1509236883039,b,0.048219,0.17
1509236883039,a,0.043063,2.717
1509236883039,a,0.043651,3.193
1509236883039,a,0.043655,0.03
1509236883039,a,0.043838,0.5
1509236883039,a,0.044273,0.03
1509236883039,a,0.044619,5.18
1509236883039,a,0.044695,0.03
1509236883039,a,0.045,0.432
1509236883039,a,0.045083,1.96
1509236883039,a,0.045614,3.276
1509236883039,a,0.045648,0.091
1509236883039,a,0.046106,23.006
1509236883039,a,0.046581,2.8
1509236883039,a,0.047077,2.8
1509236883039,a,0.04755,3.388
1509236883039,a,0.047552,4.24
1509236883039,a,0.047618,124.55
1509236883039,a,0.04775,0.1
1509236943040,b,0.05281,1
1509236943040,b,0.052781,1.204
1509236943040,b,0.05229,1
1509236943040,b,0.052232,1.428
1509236943040,b,0.052,0.437
1509236943040,b,0.05177,1
1509236943040,b,0.051517,2.605
1509236943040,b,0.05131,1.654
1509236943040,b,0.05126,1
1509236943040,b,0.05108,0.096
1509236943040,b,0.050979,3.976
1509236943040,b,0.05083,0.06
1509236943040,b,0.05075,1
1509236943040,b,0.05038,4.396
1509236943040,b,0.050299,0.502
1509236943040,b,0.05025,4.96
1509236943040,b,0.049802,4.425
1509236943040,b,0.04975,1
1509236943040,b,0.04971,0.8
1509236943040,b,0.049667,0.466
1509236943040,b,0.049661,4.251
1509236943040,b,0.04965,6.997
1509236943040,b,0.04964,0.849
1509236943040,b,0.049639,0.022
1509236943040,b,0.049261,2.045
1509236943040,b,0.04926,1
1509236943040,b,0.0488,3.889
1509236943040,b,0.04877,1
1509236943040,b,0.048749,4.872
1509236943040,b,0.048747,4.24
1509236943040,b,0.048746,2.5
1509236943040,b,0.04824,0.13
1509236943040,b,0.048219,0.17
1509236943040,a,0.043063,2.717
1509236943040,a,0.043651,3.193
1509236943040,a,0.043655,0.03
1509236943040,a,0.043838,0.5
1509236943040,a,0.044273,0.03
1509236943040,a,0.044619,5.18
1509236943040,a,0.044695,0.03
1509236943040,a,0.045,0.432
1509236943040,a,0.045083,1.96
1509236943040,a,0.045614,3.276
1509236943040,a,0.045648,0.091
1509236943040,a,0.046106,23.006
1509236943040,a,0.046581,2.8
1509236943040,a,0.047077,2.8
1509236943040,a,0.04755,3.388
1509236943040,a,0.047552,4.24
1509236943040,a,0.047589,127.928
1509236943040,a,0.04775,0.1
1509237003041,b,0.05281,1
1509237003041,b,0.052781,1.204
1509237003041,b,0.05229,1
1509237003041,b,0.052232,1.428
1509237003041,b,0.052,0.437
1509237003041,b,0.05177,1
1509237003041,b,0.051517,2.605
1509237003041,b,0.05131,1.654
1509237003041,b,0.05126,4.96
1509237003041,b,0.05108,0.096
1509237003041,b,0.050979,3.976
1509237003041,b,0.05083,0.06
1509237003041,b,0.05075,1
1509237003041,b,0.05038,4.396
1509237003041,b,0.050299,0.502
1509237003041,b,0.05025,1
1509237003041,b,0.049802,4.425
1509237003041,b,0.04975,1
1509237003041,b,0.04971,0.8
1509237003041,b,0.049667,0.466
1509237003041,b,0.049661,4.251
1509237003041,b,0.04965,6.997
1509237003041,b,0.04964,0.849
1509237003041,b,0.049639,0.022
1509237003041,b,0.049261,2.045
1509237003041,b,0.04926,1
1509237003041,b,0.0488,3.889
1509237003041,b,0.04877,1
1509237003041,b,0.048749,4.872
1509237003041,b,0.048747,4.24
1509237003041,b,0.048746,2.5
1509237003041,b,0.04824,0.13
1509237003041,b,0.048219,0.17
1509237003041,b,0.048218,0.033
1509237003041,a,0.043063,2.717
1509237003041,a,0.043651,3.193
1509237003041,a,0.043655,0.03
1509237003041,a,0.043838,0.5
1509237003041,a,0.044273,0.03
1509237003041,a,0.044619,5.18
1509237003041,a,0.044695,0.03
1509237003041,a,0.045,0.432
1509237003041,a,0.045083,1.96
1509237003041,a,0.045614,3.276
1509237003041,a,0.045648,0.091
1509237003041,a,0.046106,23.006
1509237003041,a,0.046581,2.8
1509237003041,a,0.047077,2.8
1509237003041,a,0.04755,3.388
1509237003041,a,0.047601,128.305
1509237003041,a,0.04775,0.1
1509237063048,b,0.05281,1
1509237063048,b,0.052781,1.204
1509237063048,b,0.05229,1
1509237063048,b,0.052232,1.428
1509237063048,b,0.052,0.437
1509237063048,b,0.05177,1
1509237063048,b,0.051517,2.605
1509237063048,b,0.05131,1.654
1509237063048,b,0.05126,4.96
1509237063048,b,0.05108,0.096
1509237063048,b,0.050979,3.976
1509237063048,b,0.05083,0.06
1509237063048,b,0.05075,1
1509237063048,b,0.05038,4.396
1509237063048,b,0.050299,0.502
1509237063048,b,0.05025,1
1509237063048,b,0.049802,4.425
1509237063048,b,0.04975,1
1509237063048,b,0.04971,0.8
1509237063048,b,0.049667,0.466
1509237063048,b,0.049661,4.251
1509237063048,b,0.04965,6.997
1509237063048,b,0.04964,0.849
1509237063048,b,0.049639,0.022
1509237063048,b,0.049261,2.045
1509237063048,b,0.04926,1
1509237063048,b,0.0488,3.889
1509237063048,b,0.04877,1
1509237063048,b,0.048749,4.872
1509237063048,b,0.048748,2.5
1509237063048,b,0.04824,0.13
1509237063048,b,0.048219,0.17
1509237063048,b,0.048218,0.25
1509237063048,a,0.043063,2.717
1509237063048,a,0.043651,3.193
1509237063048,a,0.043655,0.03
1509237063048,a,0.043838,0.5
1509237063048,a,0.044273,0.03
1509237063048,a,0.044619,5.18
1509237063048,a,0.044695,0.03
1509237063048,a,0.045,0.432
1509237063048,a,0.045083,1.96
1509237063048,a,0.045614,3.276
1509237063048,a,0.04584,0.091
1509237063048,a,0.046106,23.006
1509237063048,a,0.046581,2.8
1509237063048,a,0.047077,2.8
1509237063048,a,0.04755,3.388
1509237063048,a,0.04759,4.24
1509237063048,a,0.047594,128.619
1509237063048,a,0.04775,0.1
1509237123049,b,0.05281,1
1509237123049,b,0.052781,1.204
1509237123049,b,0.05229,1
1509237123049,b,0.052232,1.428
1509237123049,b,0.052,0.437
1509237123049,b,0.05177,1
1509237123049,b,0.051517,2.605
1509237123049,b,0.05131,1.654
1509237123049,b,0.05126,4.96
1509237123049,b,0.05108,0.096
1509237123049,b,0.050979,3.976
1509237123049,b,0.05083,0.06
1509237123049,b,0.05075,1
1509237123049,b,0.05038,4.396
1509237123049,b,0.050299,0.502
1509237123049,b,0.05025,1
1509237123049,b,0.049802,4.425
1509237123049,b,0.04975,1
1509237123049,b,0.04971,0.8
1509237123049,b,0.049667,0.466
1509237123049,b,0.049661,4.251
1509237123049,b,0.04965,6.997
1509237123049,b,0.04964,0.849
1509237123049,b,0.049639,0.022
1509237123049,b,0.049261,2.045
1509237123049,b,0.04926,1
1509237123049,b,0.0488,3.889
1509237123049,b,0.04877,1
1509237123049,b,0.048749,4.872
1509237123049,b,0.048747,4.24
1509237123049,b,0.048746,2.5
1509237123049,b,0.04824,0.13
1509237123049,b,0.048219,0.17
1509237123049,a,0.043063,2.717
1509237123049,a,0.043651,3.193
1509237123049,a,0.043677,0.03
1509237123049,a,0.043838,0.5
1509237123049,a,0.044296,0.03
1509237123049,a,0.044619,5.18
1509237123049,a,0.044717,0.03
1509237123049,a,0.045,0.432
1509237123049,a,0.045083,1.96
1509237123049,a,0.045614,3.276
1509237123049,a,0.04584,0.091
1509237123049,a,0.046106,1.317
1509237123049,a,0.046581,13.533
1509237123049,a,0.047077,2.8
1509237123049,a,0.04755,3.388
1509237123049,a,0.047611,128.619
1509237123049,a,0.047612,4.24
1509237123049,a,0.04775,0.1
1509237183050,b,0.05281,1
1509237183050,b,0.052781,1.204
1509237183050,b,0.05229,1
1509237183050,b,0.052232,1.428
1509237183050,b,0.052,0.437
1509237183050,b,0.05177,1
1509237183050,b,0.051517,2.605
1509237183050,b,0.05131,1.654
1509237183050,b,0.05126,4.96
1509237183050,b,0.05108,0.096
1509237183050,b,0.050979,3.976
1509237183050,b,0.05083,0.06
1509237183050,b,0.05075,1
1509237183050,b,0.05038,4.396
1509237183050,b,0.050299,0.502
1509237183050,b,0.05025,1
1509237183050,b,0.049802,4.425
1509237183050,b,0.04975,1
1509237183050,b,0.04971,0.8
1509237183050,b,0.049667,0.466
1509237183050,b,0.049661,4.251
1509237183050,b,0.04965,6.997
1509237183050,b,0.04964,0.849
1509237183050,b,0.049639,0.022
1509237183050,b,0.049261,2.045
1509237183050,b,0.04926,1
1509237183050,b,0.0488,3.889
1509237183050,b,0.04877,1
1509237183050,b,0.048749,4.872
1509237183050,b,0.048747,4.24
1509237183050,b,0.04824,0.13
1509237183050,b,0.048219,0.17
1509237183050,b,0.048218,0.021
1509237183050,a,0.043651,3.193
1509237183050,a,0.043677,0.03
1509237183050,a,0.043838,0.5
1509237183050,a,0.044296,0.03
1509237183050,a,0.044619,5.18
1509237183050,a,0.044717,0.03
1509237183050,a,0.045,0.432
1509237183050,a,0.045083,1.96
1509237183050,a,0.045614,3.276
1509237183050,a,0.04584,0.091
1509237183050,a,0.046106,1.317
1509237183050,a,0.046581,13.533
1509237183050,a,0.047077,2.8
1509237183050,a,0.04755,3.388
1509237183050,a,0.047612,4.24
1509237183050,a,0.047617,128.947
1509237183050,a,0.04775,0.1
1509237183050,a,0.048063,1.4
1509237243051,b,0.05281,1
1509237243051,b,0.052781,1.204
1509237243051,b,0.05229,1
1509237243051,b,0.052232,1.428
1509237243051,b,0.052,0.437
1509237243051,b,0.05177,1
1509237243051,b,0.051517,2.605
1509237243051,b,0.05131,1.654
1509237243051,b,0.05126,1
1509237243051,b,0.05108,0.096
1509237243051,b,0.050979,3.976
1509237243051,b,0.05083,0.06
1509237243051,b,0.05075,4.96
1509237243051,b,0.05038,4.396
1509237243051,b,0.050299,0.502
1509237243051,b,0.05025,1
1509237243051,b,0.049802,4.425
1509237243051,b,0.04975,1
1509237243051,b,0.04971,0.8
1509237243051,b,0.049667,0.466
1509237243051,b,0.049661,4.251
1509237243051,b,0.04965,6.997
1509237243051,b,0.04964,0.849
1509237243051,b,0.049639,0.022
1509237243051,b,0.049261,2.045
1509237243051,b,0.04926,1
1509237243051,b,0.0488,3.889
1509237243051,b,0.04877,1
1509237243051,b,0.048749,4.872
1509237243051,b,0.048747,4.24
1509237243051,b,0.048746,2.58
1509237243051,b,0.04824,0.13
1509237243051,b,0.048219,0.17
1509237243051,a,0.043063,2.717
1509237243051,a,0.043651,3.193
1509237243051,a,0.043677,0.03
1509237243051,a,0.043838,0.5
1509237243051,a,0.044296,0.03
1509237243051,a,0.044619,5.18
1509237243051,a,0.044717,0.03
1509237243051,a,0.045,0.432
1509237243051,a,0.045083,1.96
1509237243051,a,0.045614,3.276
1509237243051,a,0.04584,0.091
1509237243051,a,0.046106,1.317
1509237243051,a,0.046581,13.533
1509237243051,a,0.047077,2.8
1509237243051,a,0.04755,3.388
1509237243051,a,0.047612,4.24
1509237243051,a,0.047617,128.947
1509237243051,a,0.04775,0.1
1509237303051,b,0.05281,1
1509237303051,b,0.052781,1.204
1509237303051,b,0.05229,1
1509237303051,b,0.052232,1.428
1509237303051,b,0.052,0.437
1509237303051,b,0.05177,1
1509237303051,b,0.051517,2.605
1509237303051,b,0.05131,1.654
1509237303051,b,0.05126,1
1509237303051,b,0.05108,0.096
1509237303051,b,0.050979,3.976
1509237303051,b,0.05083,0.06
1509237303051,b,0.05075,4.96
1509237303051,b,0.05038,4.396
1509237303051,b,0.050299,0.502
1509237303051,b,0.05025,1
1509237303051,b,0.049802,4.425
1509237303051,b,0.04975,1
1509237303051,b,0.04971,0.8
1509237303051,b,0.049667,0.466
1509237303051,b,0.049661,4.251
1509237303051,b,0.04965,6.997
1509237303051,b,0.04964,0.849
1509237303051,b,0.049639,0.022
1509237303051,b,0.049261,2.045
1509237303051,b,0.04926,1
1509237303051,b,0.0488,3.889
1509237303051,b,0.04877,1
1509237303051,b,0.048749,4.872
1509237303051,b,0.048748,2.58
1509237303051,b,0.048747,4.24
1509237303051,b,0.04824,0.13
1509237303051,b,0.048219,0.17
1509237303051,a,0.043063,2.717
1509237303051,a,0.043651,3.193
1509237303051,a,0.043677,0.03
1509237303051,a,0.043838,0.5
1509237303051,a,0.044296,0.03
1509237303051,a,0.044619,5.18
1509237303051,a,0.044717,0.03
1509237303051,a,0.045,0.432
1509237303051,a,0.045083,1.96
1509237303051,a,0.045614,3.276
1509237303051,a,0.04584,0.091
1509237303051,a,0.046106,1.317
1509237303051,a,0.046581,13.533
1509237303051,a,0.047077,2.8
1509237303051,a,0.04755,3.388
1509237303051,a,0.047617,128.947
1509237303051,a,0.047618,4.24
1509237303051,a,0.04775,0.1
1509237363053,b,0.05281,1
1509237363053,b,0.052781,1.204
1509237363053,b,0.05229,1
1509237363053,b,0.052232,1.428
1509237363053,b,0.052,0.437
1509237363053,b,0.05177,1
1509237363053,b,0.051517,6.565
1509237363053,b,0.05131,1.654
1509237363053,b,0.05126,1
1509237363053,b,0.05108,0.096
1509237363053,b,0.050979,3.976
1509237363053,b,0.05083,0.06
1509237363053,b,0.05075,1
1509237363053,b,0.05038,4.396
1509237363053,b,0.050299,0.502
1509237363053,b,0.05025,1
1509237363053,b,0.049802,4.425
1509237363053,b,0.04975,1
1509237363053,b,0.04971,0.8
1509237363053,b,0.049667,0.466
1509237363053,b,0.049661,4.251
1509237363053,b,0.04965,6.997
1509237363053,b,0.04964,0.849
1509237363053,b,0.049639,0.022
1509237363053,b,0.049261,2.045
1509237363053,b,0.04926,1
1509237363053,b,0.0488,3.889
1509237363053,b,0.04877,1
1509237363053,b,0.048749,4.872
1509237363053,b,0.048748,2.58
1509237363053,b,0.048747,4.24
1509237363053,b,0.04824,0.13
1509237363053,b,0.048219,0.17
1509237363053,a,0.043063,2.717
1509237363053,a,0.043651,3.193
1509237363053,a,0.043677,0.03
1509237363053,a,0.043838,0.5
1509237363053,a,0.044296,0.03
1509237363053,a,0.044619,5.18
1509237363053,a,0.044717,0.03
1509237363053,a,0.045,0.432
1509237363053,a,0.045083,1.96
1509237363053,a,0.045614,3.276
1509237363053,a,0.04584,0.091
1509237363053,a,0.046106,23.006
1509237363053,a,0.046581,2.8
1509237363053,a,0.047077,2.8
1509237363053,a,0.04755,3.388
1509237363053,a,0.047618,4.24
1509237363053,a,0.047623,130.111
1509237363053,a,0.04775,0.1
1509237423053,b,0.05281,1
1509237423053,b,0.052781,1.204
1509237423053,b,0.05229,1
1509237423053,b,0.052232,1.428
1509237423053,b,0.052,0.437
1509237423053,b,0.05177,1
1509237423053,b,0.051517,6.565
1509237423053,b,0.05131,1.654
1509237423053,b,0.05126,1
1509237423053,b,0.05108,0.096
1509237423053,b,0.050979,3.976
1509237423053,b,0.05083,0.06
1509237423053,b,0.05075,1
1509237423053,b,0.05038,4.396
1509237423053,b,0.050299,0.502
1509237423053,b,0.05025,1
1509237423053,b,0.049802,4.425
1509237423053,b,0.04975,1
1509237423053,b,0.04971,0.8
1509237423053,b,0.049667,0.466
1509237423053,b,0.049661,4.251
1509237423053,b,0.04965,6.997
1509237423053,b,0.04964,0.849
1509237423053,b,0.049639,0.022
1509237423053,b,0.049261,2.045
1509237423053,b,0.04926,1
1509237423053,b,0.0488,3.889
1509237423053,b,0.04877,1
1509237423053,b,0.048749,4.872
1509237423053,b,0.048747,4.24
1509237423053,b,0.048746,2.58
1509237423053,b,0.04824,0.13
1509237423053,b,0.048219,0.17
1509237423053,b,0.048218,0.695
1509237423053,a,0.043063,2.717
1509237423053,a,0.043651,3.193
1509237423053,a,0.043726,0.03
1509237423053,a,0.043838,0.5
1509237423053,a,0.044345,0.03
1509237423053,a,0.044619,5.18
1509237423053,a,0.044768,0.03
1509237423053,a,0.045,0.432
1509237423053,a,0.045083,1.96
1509237423053,a,0.045614,3.276
1509237423053,a,0.04584,0.091
1509237423053,a,0.046106,23.006
1509237423053,a,0.046581,2.8
1509237423053,a,0.047077,2.8
1509237423053,a,0.04755,3.388
1509237423053,a,0.047652,130.111
1509237423053,a,0.047653,4.24
1509237423053,a,0.04775,0.1
1509237483054,b,0.05281,1
1509237483054,b,0.052781,1.204
1509237483054,b,0.05229,1
1509237483054,b,0.052232,1.428
1509237483054,b,0.052,0.437
1509237483054,b,0.05177,1
1509237483054,b,0.051517,6.565
1509237483054,b,0.05131,1.654
1509237483054,b,0.05126,1
1509237483054,b,0.05108,0.096
1509237483054,b,0.050979,3.976
1509237483054,b,0.05083,0.06
1509237483054,b,0.05075,1
1509237483054,b,0.05038,4.396
1509237483054,b,0.050299,0.502
1509237483054,b,0.05025,1
1509237483054,b,0.049802,4.425
1509237483054,b,0.04975,1
1509237483054,b,0.04971,0.8
1509237483054,b,0.049667,0.466
1509237483054,b,0.049661,4.251
1509237483054,b,0.04965,6.997
1509237483054,b,0.04964,0.849
1509237483054,b,0.049639,0.022
1509237483054,b,0.049261,2.045
1509237483054,b,0.04926,1
1509237483054,b,0.0488,3.889
1509237483054,b,0.04877,1
1509237483054,b,0.048749,4.872
1509237483054,b,0.048747,4.24
1509237483054,b,0.048746,2.58
1509237483054,b,0.04824,0.13
1509237483054,b,0.048219,0.17
1509237483054,a,0.043063,2.717
1509237483054,a,0.043651,3.193
1509237483054,a,0.043726,0.03
1509237483054,a,0.043838,0.5
1509237483054,a,0.044345,0.03
1509237483054,a,0.044619,5.18
1509237483054,a,0.044768,0.03
1509237483054,a,0.045,0.432
1509237483054,a,0.045083,1.96
1509237483054,a,0.045614,3.276
1509237483054,a,0.04584,0.091
1509237483054,a,0.046106,23.006
1509237483054,a,0.046581,2.8
1509237483054,a,0.047077,2.8
1509237483054,a,0.04755,3.388
1509237483054,a,0.047625,130.111
1509237483054,a,0.047659,4.24
1509237483054,a,0.04775,0.1
1509237543055,b,0.05281,1
1509237543055,b,0.052781,1.204
1509237543055,b,0.05229,1
1509237543055,b,0.052232,1.428
1509237543055,b,0.052,0.437
1509237543055,b,0.05177,1
1509237543055,b,0.051517,6.565
1509237543055,b,0.05131,1.654
1509237543055,b,0.05126,1
1509237543055,b,0.05108,0.096
1509237543055,b,0.050979,3.976
1509237543055,b,0.05083,0.06
1509237543055,b,0.05075,1
1509237543055,b,0.05038,4.396
1509237543055,b,0.050299,0.502
1509237543055,b,0.05025,1
1509237543055,b,0.049802,4.425
1509237543055,b,0.04975,1
1509237543055,b,0.04971,0.8
1509237543055,b,0.049667,0.466
1509237543055,b,0.049661,4.251
1509237543055,b,0.04965,6.997
1509237543055,b,0.04964,0.849
1509237543055,b,0.049639,0.022
1509237543055,b,0.049261,2.045
1509237543055,b,0.04926,1
1509237543055,b,0.0488,3.889
1509237543055,b,0.04877,1
1509237543055,b,0.048749,4.872
1509237543055,b,0.048747,4.24
1509237543055,b,0.04824,0.13
1509237543055,b,0.048219,0.17
1509237543055,b,0.048218,0.021
1509237543055,a,0.043651,3.193
1509237543055,a,0.043726,0.03
1509237543055,a,0.043838,0.5
1509237543055,a,0.044345,0.03
1509237543055,a,0.044619,5.18
1509237543055,a,0.044768,0.03
1509237543055,a,0.045,0.432
1509237543055,a,0.045083,1.96
1509237543055,a,0.045614,3.276
1509237543055,a,0.04584,0.091
1509237543055,a,0.046106,23.006
1509237543055,a,0.046581,2.8
1509237543055,a,0.047077,2.8
1509237543055,a,0.04755,3.388
1509237543055,a,0.047659,4.24
1509237543055,a,0.047672,129.31
1509237543055,a,0.04775,0.1
1509237543055,a,0.048046,4.872
1509237603055,b,0.05281,1
1509237603055,b,0.052781,1.204
1509237603055,b,0.05229,1
1509237603055,b,0.052232,1.428
1509237603055,b,0.052,0.437
1509237603055,b,0.05177,1
1509237603055,b,0.051517,2.605
1509237603055,b,0.05131,1.654
1509237603055,b,0.05126,1
1509237603055,b,0.05108,0.096
1509237603055,b,0.050979,3.976
1509237603055,b,0.05083,0.06
1509237603055,b,0.05075,1
1509237603055,b,0.05038,8.356
1509237603055,b,0.050299,0.502
1509237603055,b,0.05025,1
1509237603055,b,0.049802,4.425
1509237603055,b,0.04975,1
1509237603055,b,0.04971,0.8
1509237603055,b,0.049667,0.466
1509237603055,b,0.049661,4.251
1509237603055,b,0.04965,6.997
1509237603055,b,0.04964,0.849
1509237603055,b,0.049639,0.022
1509237603055,b,0.049261,2.045
1509237603055,b,0.04926,1
1509237603055,b,0.0488,3.889
1509237603055,b,0.04877,1
1509237603055,b,0.048749,4.872
1509237603055,b,0.048747,4.24
1509237603055,b,0.04824,0.13
1509237603055,b,0.048219,0.17
1509237603055,b,0.048218,3.294
1509237603055,a,0.043651,3.193
1509237603055,a,0.043726,0.03
1509237603055,a,0.043838,0.5
1509237603055,a,0.044345,0.03
1509237603055,a,0.044619,5.18
1509237603055,a,0.044768,0.03
1509237603055,a,0.045,0.432
1509237603055,a,0.045083,1.96
1509237603055,a,0.045614,3.276
1509237603055,a,0.046106,23.006
1509237603055,a,0.046581,2.8
1509237603055,a,0.047077,2.8
1509237603055,a,0.04755,3.388
1509237603055,a,0.047659,4.24
1509237603055,a,0.047673,129.31
1509237603055,a,0.04775,0.1
1509237603055,a,0.048046,4.872
1509237663056,b,0.05281,1
1509237663056,b,0.052781,1.204
1509237663056,b,0.05229,1
1509237663056,b,0.052232,1.428
1509237663056,b,0.052,0.437
1509237663056,b,0.05177,1
1509237663056,b,0.051517,2.605
1509237663056,b,0.05131,1.654
1509237663056,b,0.05126,1
1509237663056,b,0.05108,0.096
1509237663056,b,0.050979,3.976
1509237663056,b,0.05083,0.06
1509237663056,b,0.05075,4.96
1509237663056,b,0.05038,4.396
1509237663056,b,0.050299,0.502
1509237663056,b,0.05025,1
1509237663056,b,0.049802,4.425
1509237663056,b,0.04975,1
1509237663056,b,0.04971,0.8
1509237663056,b,0.049667,0.466
1509237663056,b,0.049661,4.251
1509237663056,b,0.04965,6.997
1509237663056,b,0.04964,0.849
1509237663056,b,0.049639,0.022
1509237663056,b,0.049261,2.045
1509237663056,b,0.04926,1
1509237663056,b,0.0488,3.889
1509237663056,b,0.04877,1
1509237663056,b,0.048749,4.872
1509237663056,b,0.048747,4.24
1509237663056,b,0.04824,0.13
1509237663056,b,0.048219,0.17
1509237663056,a,0.043651,3.193
1509237663056,a,0.043726,0.03
1509237663056,a,0.043838,0.5
1509237663056,a,0.044345,0.03
1509237663056,a,0.044619,5.18
1509237663056,a,0.044768,0.03
1509237663056,a,0.045,0.432
1509237663056,a,0.045083,1.96
1509237663056,a,0.045614,3.276
1509237663056,a,0.046106,23.006
1509237663056,a,0.046124,0.09
1509237663056,a,0.046581,2.8
1509237663056,a,0.047077,2.8
1509237663056,a,0.04755,3.388
1509237663056,a,0.047612,129.31
1509237663056,a,0.047659,4.24
1509237663056,a,0.04775,0.1
1509237663056,a,0.048046,4.872
1509237723057,b,0.05281,1
1509237723057,b,0.052781,1.204
1509237723057,b,0.05229,1
1509237723057,b,0.052232,1.428
1509237723057,b,0.052,0.437
1509237723057,b,0.05177,1
1509237723057,b,0.051517,2.605
1509237723057,b,0.05131,1.654
1509237723057,b,0.05126,4.96
1509237723057,b,0.05108,0.096
1509237723057,b,0.050979,3.976
1509237723057,b,0.05083,0.06
1509237723057,b,0.05075,1
1509237723057,b,0.05038,4.396
1509237723057,b,0.050299,0.502
1509237723057,b,0.05025,1
1509237723057,b,0.049802,4.425
1509237723057,b,0.04975,1
1509237723057,b,0.04971,0.8
1509237723057,b,0.049667,0.466
1509237723057,b,0.049661,4.251
1509237723057,b,0.04965,6.997
1509237723057,b,0.04964,0.849
1509237723057,b,0.049639,0.022
1509237723057,b,0.049261,2.045
1509237723057,b,0.04926,1
1509237723057,b,0.0488,3.889
1509237723057,b,0.04877,1
1509237723057,b,0.048749,4.872
1509237723057,b,0.048747,4.24
1509237723057,b,0.04824,0.13
1509237723057,b,0.048219,0.17
1509237723057,b,0.048218,0.049
1509237723057,a,0.043651,3.193
1509237723057,a,0.04377,0.03
1509237723057,a,0.043838,0.5
1509237723057,a,0.04439,0.03
1509237723057,a,0.044619,5.18
1509237723057,a,0.044812,0.03
1509237723057,a,0.045,0.432
1509237723057,a,0.045083,1.96
1509237723057,a,0.045614,3.276
1509237723057,a,0.046106,23.006
1509237723057,a,0.046124,0.09
1509237723057,a,0.046581,2.8
1509237723057,a,0.047077,2.8
1509237723057,a,0.04755,3.388
1509237723057,a,0.047659,4.24
1509237723057,a,0.047711,129.31
1509237723057,a,0.04775,0.1
1509237723057,a,0.048046,4.872
1509237783058,b,0.05281,1
1509237783058,b,0.052781,1.204
1509237783058,b,0.05229,1
1509237783058,b,0.052232,1.428
1509237783058,b,0.052,0.437
1509237783058,b,0.05177,1
1509237783058,b,0.051517,2.605
1509237783058,b,0.05131,1.654
1509237783058,b,0.05126,4.96
1509237783058,b,0.05108,0.096
1509237783058,b,0.050979,3.976
1509237783058,b,0.05083,0.06
1509237783058,b,0.05075,1
1509237783058,b,0.05038,4.396
1509237783058,b,0.050299,0.502
1509237783058,b,0.05025,1
1509237783058,b,0.049802,4.425
1509237783058,b,0.04975,1
1509237783058,b,0.04971,0.8
1509237783058,b,0.049667,0.466
1509237783058,b,0.049661,4.251
1509237783058,b,0.04965,6.997
1509237783058,b,0.04964,0.849
1509237783058,b,0.049639,0.022
1509237783058,b,0.049261,2.045
1509237783058,b,0.04926,1
1509237783058,b,0.0488,3.889
1509237783058,b,0.04877,1
1509237783058,b,0.048749,4.872
1509237783058,b,0.048747,4.24
1509237783058,b,0.04824,0.13
1509237783058,b,0.048219,0.17
1509237783058,a,0.043651,3.193
1509237783058,a,0.04377,0.03
1509237783058,a,0.043838,0.5
1509237783058,a,0.04439,0.03
1509237783058,a,0.044619,5.18
1509237783058,a,0.044812,0.03
1509237783058,a,0.045,0.432
1509237783058,a,0.045083,1.96
1509237783058,a,0.045614,3.276
1509237783058,a,0.046106,23.006
1509237783058,a,0.046124,0.09
1509237783058,a,0.046581,2.8
1509237783058,a,0.047077,2.8
1509237783058,a,0.04755,3.388
1509237783058,a,0.047659,4.24
1509237783058,a,0.047728,129.31
1509237783058,a,0.04775,0.1
1509237783058,a,0.048046,4.872
1509237843059,b,0.05281,1
1509237843059,b,0.052781,1.204
1509237843059,b,0.05229,1
1509237843059,b,0.052232,1.428
1509237843059,b,0.052,0.437
1509237843059,b,0.05177,1
1509237843059,b,0.051517,2.605
1509237843059,b,0.05131,1.654
1509237843059,b,0.05126,4.96
1509237843059,b,0.05108,0.096
1509237843059,b,0.050979,3.976
1509237843059,b,0.05083,0.06
1509237843059,b,0.05075,1
1509237843059,b,0.05038,4.396
1509237843059,b,0.050299,0.502
1509237843059,b,0.05025,1
1509237843059,b,0.049802,4.425
1509237843059,b,0.04975,1
1509237843059,b,0.04971,0.8
1509237843059,b,0.049667,0.466
1509237843059,b,0.049661,4.251
1509237843059,b,0.04965,6.997
1509237843059,b,0.04964,0.849
1509237843059,b,0.049639,0.022
1509237843059,b,0.049261,2.045
1509237843059,b,0.04926,1
1509237843059,b,0.0488,3.889
1509237843059,b,0.04877,1
1509237843059,b,0.048749,4.872
1509237843059,b,0.04824,0.13
1509237843059,b,0.048219,0.17
1509237843059,a,0.043651,3.193
1509237843059,a,0.04377,0.03
1509237843059,a,0.043838,0.5
1509237843059,a,0.04439,0.03
1509237843059,a,0.044619,5.18
1509237843059,a,0.044812,0.03
1509237843059,a,0.045,0.432
1509237843059,a,0.045083,1.96
1509237843059,a,0.045614,3.276
1509237843059,a,0.046106,1.317
1509237843059,a,0.046124,0.09
1509237843059,a,0.046581,2.8
1509237843059,a,0.047077,24.041
1509237843059,a,0.04755,3.388
1509237843059,a,0.047659,4.24
1509237843059,a,0.047728,129.31
1509237843059,a,0.04775,0.1
1509237843059,a,0.048046,4.872
1509237903060,b,0.053319,4.228
1509237903060,b,0.05281,1
1509237903060,b,0.052781,1.204
1509237903060,b,0.05229,1
1509237903060,b,0.052232,1.428
1509237903060,b,0.052,0.437
1509237903060,b,0.05177,1
1509237903060,b,0.051517,2.605
1509237903060,b,0.05131,1.654
1509237903060,b,0.05126,4.96
1509237903060,b,0.05108,0.096
1509237903060,b,0.050979,3.976
1509237903060,b,0.05083,0.06
1509237903060,b,0.05075,1
1509237903060,b,0.05038,4.396
1509237903060,b,0.050299,0.502
1509237903060,b,0.05025,1
1509237903060,b,0.049802,4.425
1509237903060,b,0.04975,1
1509237903060,b,0.04971,0.8
1509237903060,b,0.049667,0.466
1509237903060,b,0.049661,4.251
1509237903060,b,0.04965,6.997
1509237903060,b,0.04964,0.849
1509237903060,b,0.049639,0.022
1509237903060,b,0.049261,2.045
1509237903060,b,0.04926,1
1509237903060,b,0.0488,3.889
1509237903060,b,0.04877,1
1509237903060,b,0.048769,2.5
1509237903060,a,0.043651,3.193
1509237903060,a,0.04377,0.03
1509237903060,a,0.043838,0.5
1509237903060,a,0.04439,0.03
1509237903060,a,0.044619,5.18
1509237903060,a,0.044812,0.03
1509237903060,a,0.045,0.432
1509237903060,a,0.045083,1.96
1509237903060,a,0.045614,3.276
1509237903060,a,0.046106,1.317
1509237903060,a,0.046124,0.09
1509237903060,a,0.046581,2.8
1509237903060,a,0.047077,13.42
1509237903060,a,0.04755,3.388
1509237903060,a,0.04775,0.1
1509237903060,a,0.048046,4.872
1509237903060,a,0.048048,4.24
1509237903060,a,0.048219,0.1
1509237903060,a,0.04824,0.1
1509237963061,b,0.053319,4.228
1509237963061,b,0.05281,1
1509237963061,b,0.052781,1.204
1509237963061,b,0.05229,1
1509237963061,b,0.052232,1.428
1509237963061,b,0.052,0.437
1509237963061,b,0.05177,1
1509237963061,b,0.051517,2.605
1509237963061,b,0.05131,1.654
1509237963061,b,0.05126,1
1509237963061,b,0.05108,0.096
1509237963061,b,0.050979,3.976
1509237963061,b,0.05083,0.06
1509237963061,b,0.05075,4.96
1509237963061,b,0.05038,4.396
1509237963061,b,0.050299,0.502
1509237963061,b,0.05025,1
1509237963061,b,0.049802,4.425
1509237963061,b,0.04975,1
1509237963061,b,0.04971,0.8
1509237963061,b,0.049667,0.466
1509237963061,b,0.049661,4.251
1509237963061,b,0.04965,6.997
1509237963061,b,0.04964,0.849
1509237963061,b,0.049639,0.022
1509237963061,b,0.049261,2.045
1509237963061,b,0.04926,1
1509237963061,b,0.0488,3.889
1509237963061,b,0.04877,1
1509237963061,b,0.04876,2.073
1509237963061,b,0.048758,0.184
1509237963061,b,0.048757,2.58
1509237963061,a,0.043651,3.193
1509237963061,a,0.04377,0.03
1509237963061,a,0.043838,0.5
1509237963061,a,0.04439,0.03
1509237963061,a,0.044619,5.18
1509237963061,a,0.044812,0.03
1509237963061,a,0.045,0.432
1509237963061,a,0.045083,1.96
1509237963061,a,0.045614,3.276
1509237963061,a,0.046106,1.317
1509237963061,a,0.046124,0.09
1509237963061,a,0.046581,2.8
1509237963061,a,0.047077,13.42
1509237963061,a,0.04755,3.388
1509237963061,a,0.04775,0.1
1509237963061,a,0.048046,4.872
1509237963061,a,0.048048,4.24
1509237963061,a,0.048049,1.71
1509237963061,a,0.048219,0.1
1509237963061,a,0.04824,0.058
1509238023062,b,0.053319,4.228
1509238023062,b,0.05281,1
1509238023062,b,0.052781,1.204
1509238023062,b,0.05229,1
1509238023062,b,0.052232,1.428
1509238023062,b,0.052,0.437
1509238023062,b,0.05177,1
1509238023062,b,0.051517,2.605
1509238023062,b,0.05131,1.654
1509238023062,b,0.05126,1
1509238023062,b,0.05108,0.096
1509238023062,b,0.050979,3.976
1509238023062,b,0.05083,0.06
1509238023062,b,0.05075,4.96
1509238023062,b,0.05038,4.396
1509238023062,b,0.050299,0.502
1509238023062,b,0.05025,1
1509238023062,b,0.049802,4.425
1509238023062,b,0.04975,1
1509238023062,b,0.04971,0.8
1509238023062,b,0.049667,0.466
1509238023062,b,0.049661,4.251
1509238023062,b,0.04965,6.997
1509238023062,b,0.04964,0.849
1509238023062,b,0.049639,0.022
1509238023062,b,0.049261,2.045
1509238023062,b,0.04926,1
1509238023062,b,0.048995,127.734
1509238023062,b,0.0488,3.889
1509238023062,b,0.04877,1
1509238023062,b,0.04876,2.073
1509238023062,b,0.048756,0.169
1509238023062,b,0.048755,2.58
1509238023062,a,0.043651,3.193
1509238023062,a,0.043838,0.5
1509238023062,a,0.043867,0.03
1509238023062,a,0.044487,0.03
1509238023062,a,0.044619,5.18
1509238023062,a,0.044911,0.03
1509238023062,a,0.045,0.432
1509238023062,a,0.045083,1.96
1509238023062,a,0.045614,3.276
1509238023062,a,0.046106,1.317
1509238023062,a,0.046124,0.09
1509238023062,a,0.046581,2.8
1509238023062,a,0.047077,13.42
1509238023062,a,0.04755,3.388
1509238023062,a,0.04775,0.1
1509238023062,a,0.048024,128.724
1509238023062,a,0.048046,4.872
1509238023062,a,0.048048,4.24
1509238023062,a,0.048049,1.72
1509238023062,a,0.048219,0.1
1509238023062,a,0.04824,0.058
1509238083063,b,0.053319,4.228
1509238083063,b,0.05281,1
1509238083063,b,0.052781,1.204
1509238083063,b,0.05229,1
1509238083063,b,0.052232,1.428
1509238083063,b,0.052,0.437
1509238083063,b,0.05177,1
1509238083063,b,0.051517,2.605
1509238083063,b,0.05131,1.654
1509238083063,b,0.05126,1
1509238083063,b,0.05108,0.096
1509238083063,b,0.050979,7.936
1509238083063,b,0.05083,0.06
1509238083063,b,0.05075,1
1509238083063,b,0.05038,4.396
1509238083063,b,0.050299,0.502
1509238083063,b,0.05025,1
1509238083063,b,0.049802,4.425
1509238083063,b,0.04975,1
1509238083063,b,0.04971,0.8
1509238083063,b,0.049667,0.466
1509238083063,b,0.049661,4.251
1509238083063,b,0.04965,6.997
1509238083063,b,0.04964,0.849
1509238083063,b,0.049639,0.022
1509238083063,b,0.049261,2.045
1509238083063,b,0.04926,1
1509238083063,b,0.048995,127.734
1509238083063,b,0.0488,3.889
1509238083063,b,0.04877,1
1509238083063,b,0.04876,2.073
1509238083063,b,0.048755,2.58
1509238083063,a,0.043651,3.193
1509238083063,a,0.043838,0.5
1509238083063,a,0.043867,0.03
1509238083063,a,0.044487,0.03
1509238083063,a,0.044619,5.18
1509238083063,a,0.044911,0.03
1509238083063,a,0.045,0.432
1509238083063,a,0.045083,1.96
1509238083063,a,0.045614,3.276
1509238083063,a,0.046106,1.317
1509238083063,a,0.046124,0.09
1509238083063,a,0.046581,2.8
1509238083063,a,0.047077,13.42
1509238083063,a,0.04755,3.388
1509238083063,a,0.04775,0.1
1509238083063,a,0.048024,128.724
1509238083063,a,0.048046,4.872
1509238083063,a,0.048047,5.96
1509238083063,a,0.048219,0.1
1509238083063,a,0.04824,0.058
1509238143064,b,0.053319,4.228
1509238143064,b,0.05281,1
1509238143064,b,0.052781,1.204
1509238143064,b,0.05229,1
1509238143064,b,0.052232,1.428
1509238143064,b,0.052,0.437
1509238143064,b,0.05177,1
1509238143064,b,0.051517,2.605
1509238143064,b,0.05131,1.654
1509238143064,b,0.05126,4.96
1509238143064,b,0.05108,0.096
1509238143064,b,0.050979,3.976
1509238143064,b,0.05083,0.06
1509238143064,b,0.05075,1
1509238143064,b,0.05038,4.396
1509238143064,b,0.050299,0.502
1509238143064,b,0.05025,1
1509238143064,b,0.049802,4.425
1509238143064,b,0.04975,1
1509238143064,b,0.04971,0.8
1509238143064,b,0.049667,0.466
1509238143064,b,0.049661,4.251
1509238143064,b,0.04965,6.997
1509238143064,b,0.04964,0.849
1509238143064,b,0.049639,0.022
1509238143064,b,0.049261,2.045
1509238143064,b,0.04926,1
1509238143064,b,0.049242,127.734
1509238143064,b,0.0488,3.889
1509238143064,b,0.04877,1
1509238143064,b,0.04876,2.073
1509238143064,b,0.048757,2.58
1509238143064,a,0.043651,3.193
1509238143064,a,0.043838,0.5
1509238143064,a,0.043867,0.03
1509238143064,a,0.044487,0.03
1509238143064,a,0.044619,5.18
1509238143064,a,0.044911,0.03
1509238143064,a,0.045,0.432
1509238143064,a,0.045083,1.96
1509238143064,a,0.045614,3.276
1509238143064,a,0.046106,1.317
1509238143064,a,0.046124,0.09
1509238143064,a,0.046581,13.533
1509238143064,a,0.047077,2.8
1509238143064,a,0.04755,3.388
1509238143064,a,0.04775,0.1
1509238143064,a,0.048046,4.872
1509238143064,a,0.048047,1.72
1509238143064,a,0.048051,128.724
1509238143064,a,0.048219,0.1
1509238143064,a,0.04824,0.058
1509238203065,b,0.053319,4.228
1509238203065,b,0.05281,1
1509238203065,b,0.052781,1.204
1509238203065,b,0.05229,1
1509238203065,b,0.052232,1.428
1509238203065,b,0.052,0.437
1509238203065,b,0.05177,1
1509238203065,b,0.051517,2.605
1509238203065,b,0.05131,1.654
1509238203065,b,0.05126,4.96
1509238203065,b,0.05108,0.096
1509238203065,b,0.050979,3.976
1509238203065,b,0.05083,0.06
1509238203065,b,0.05075,1
1509238203065,b,0.05038,4.396
1509238203065,b,0.050299,0.502
1509238203065,b,0.05025,1
1509238203065,b,0.049802,4.425
1509238203065,b,0.04975,1
1509238203065,b,0.04971,0.8
1509238203065,b,0.049667,0.466
1509238203065,b,0.049661,4.251
1509238203065,b,0.04965,6.997
1509238203065,b,0.04964,0.849
1509238203065,b,0.049639,0.022
1509238203065,b,0.049261,2.045
1509238203065,b,0.04926,1
1509238203065,b,0.049155,127.734
1509238203065,b,0.0488,3.889
1509238203065,b,0.04877,1
1509238203065,b,0.04876,2.073
1509238203065,b,0.048759,2.591
1509238203065,a,0.043651,3.193
1509238203065,a,0.043838,0.5
1509238203065,a,0.043867,0.03
1509238203065,a,0.044487,0.03
1509238203065,a,0.044619,5.18
1509238203065,a,0.044911,0.03
1509238203065,a,0.045,0.432
1509238203065,a,0.045083,1.96
1509238203065,a,0.045614,3.276
1509238203065,a,0.046106,1.317
1509238203065,a,0.04631,0.09
1509238203065,a,0.046581,13.533
1509238203065,a,0.047077,2.8
1509238203065,a,0.04755,3.388
1509238203065,a,0.04775,0.1
1509238203065,a,0.048046,4.872
1509238203065,a,0.048068,128.724
1509238203065,a,0.048069,1.634
1509238203065,a,0.048219,0.1
1509238203065,a,0.04824,0.058
1509238263066,b,0.053319,4.228
1509238263066,b,0.05281,1
1509238263066,b,0.052781,1.204
1509238263066,b,0.05229,1
1509238263066,b,0.052232,1.428
1509238263066,b,0.052,0.437
1509238263066,b,0.05177,1
1509238263066,b,0.051517,2.605
1509238263066,b,0.05131,1.654
1509238263066,b,0.05126,4.96
1509238263066,b,0.05108,0.096
1509238263066,b,0.050979,3.976
1509238263066,b,0.05083,0.06
1509238263066,b,0.05075,1
1509238263066,b,0.05038,4.396
1509238263066,b,0.050299,0.502
1509238263066,b,0.05025,1
1509238263066,b,0.049802,4.425
1509238263066,b,0.04975,1
1509238263066,b,0.04971,0.8
1509238263066,b,0.049667,0.466
1509238263066,b,0.049661,4.251
1509238263066,b,0.04965,6.997
1509238263066,b,0.04964,0.849
1509238263066,b,0.049639,0.022
1509238263066,b,0.049261,2.045
1509238263066,b,0.04926,1
1509238263066,b,0.049155,127.734
1509238263066,b,0.0488,3.889
1509238263066,b,0.04877,1
1509238263066,b,0.04876,2.073
1509238263066,b,0.048759,2.492
1509238263066,a,0.043651,3.193
1509238263066,a,0.043838,0.5
1509238263066,a,0.043867,0.03
1509238263066,a,0.044487,0.03
1509238263066,a,0.044619,5.18
1509238263066,a,0.044911,0.03
1509238263066,a,0.045,0.432
1509238263066,a,0.045083,1.96
1509238263066,a,0.045614,3.276
1509238263066,a,0.046106,1.317
1509238263066,a,0.04631,0.09
1509238263066,a,0.046581,13.533
1509238263066,a,0.047077,2.8
1509238263066,a,0.04755,3.388
1509238263066,a,0.04775,0.1
1509238263066,a,0.048046,4.872
1509238263066,a,0.048083,4.24
1509238263066,a,0.048084,1.628
1509238263066,a,0.048219,0.1
1509238263066,a,0.04824,0.058
1509238323067,b,0.053319,4.228
1509238323067,b,0.05281,1
1509238323067,b,0.052781,1.204
1509238323067,b,0.05229,1
1509238323067,b,0.052232,1.428
1509238323067,b,0.052,0.437
1509238323067,b,0.05177,1
1509238323067,b,0.051517,2.605
1509238323067,b,0.05131,1.654
1509238323067,b,0.05126,4.96
1509238323067,b,0.05108,0.096
1509238323067,b,0.050979,3.976
1509238323067,b,0.05083,0.06
1509238323067,b,0.05075,1
1509238323067,b,0.05038,4.396
1509238323067,b,0.050299,0.502
1509238323067,b,0.05025,1
1509238323067,b,0.049802,4.425
1509238323067,b,0.04975,1
1509238323067,b,0.04971,0.8
1509238323067,b,0.049667,0.466
1509238323067,b,0.049661,4.251
1509238323067,b,0.04965,6.997
1509238323067,b,0.04964,0.849
1509238323067,b,0.049639,0.022
1509238323067,b,0.049261,2.045
1509238323067,b,0.04926,1
1509238323067,b,0.049155,127.734
1509238323067,b,0.0488,3.889
1509238323067,b,0.04877,1
1509238323067,b,0.048768,0.021
1509238323067,b,0.048767,2.492
1509238323067,a,0.043651,3.193
1509238323067,a,0.043838,0.5
1509238323067,a,0.043993,0.03
1509238323067,a,0.044616,0.03
1509238323067,a,0.044619,5.18
1509238323067,a,0.045,0.432
1509238323067,a,0.045041,0.03
1509238323067,a,0.045083,1.96
1509238323067,a,0.045614,3.276
1509238323067,a,0.046106,1.317
1509238323067,a,0.04631,0.09
1509238323067,a,0.046581,13.533
1509238323067,a,0.047077,2.8
1509238323067,a,0.04755,3.388
1509238323067,a,0.04775,0.1
1509238323067,a,0.048046,4.872
1509238323067,a,0.0481,4.24
1509238323067,a,0.048125,128.671
1509238323067,a,0.048219,0.1
1509238323067,a,0.04824,0.058
1509238383068,b,0.053319,4.228
1509238383068,b,0.05281,1
1509238383068,b,0.052781,1.204
1509238383068,b,0.05229,1
1509238383068,b,0.052232,1.428
1509238383068,b,0.052,0.437
1509238383068,b,0.05177,1
1509238383068,b,0.051517,2.605
1509238383068,b,0.05131,1.654
1509238383068,b,0.05126,1
1509238383068,b,0.05108,0.096
1509238383068,b,0.050979,7.936
1509238383068,b,0.05083,0.06
1509238383068,b,0.05075,1
1509238383068,b,0.05038,4.396
1509238383068,b,0.050299,0.502
1509238383068,b,0.05025,1
1509238383068,b,0.049802,4.425
1509238383068,b,0.04975,1
1509238383068,b,0.04971,0.8
1509238383068,b,0.049667,0.466
1509238383068,b,0.049661,4.251
1509238383068,b,0.04965,6.997
1509238383068,b,0.04964,0.849
1509238383068,b,0.049639,0.022
1509238383068,b,0.049261,2.045
1509238383068,b,0.04926,1
1509238383068,b,0.049155,127.734
1509238383068,b,0.0488,3.889
1509238383068,b,0.04877,1
1509238383068,b,0.048769,2.492
1509238383068,a,0.043651,3.193
1509238383068,a,0.043838,0.5
1509238383068,a,0.043993,0.03
1509238383068,a,0.044616,0.03
1509238383068,a,0.044619,5.18
1509238383068,a,0.045,0.432
1509238383068,a,0.045041,0.03
1509238383068,a,0.045083,1.96
1509238383068,a,0.045614,3.276
1509238383068,a,0.046106,1.317
1509238383068,a,0.04631,0.09
1509238383068,a,0.046581,2.8
1509238383068,a,0.047077,24.041
1509238383068,a,0.04755,3.388
1509238383068,a,0.04775,0.1
1509238383068,a,0.048046,4.872
1509238383068,a,0.048125,128.671
1509238383068,a,0.048126,4.24
1509238383068,a,0.048219,0.1
1509238383068,a,0.04824,0.058
1509238443068,b,0.053319,4.228
1509238443068,b,0.05281,1
1509238443068,b,0.052781,1.204
1509238443068,b,0.05229,1
1509238443068,b,0.052232,1.428
1509238443068,b,0.052,0.437
1509238443068,b,0.05177,1
1509238443068,b,0.051517,6.565
1509238443068,b,0.05131,1.654
1509238443068,b,0.05126,1
1509238443068,b,0.05108,0.096
1509238443068,b,0.050979,3.976
1509238443068,b,0.05083,0.06
1509238443068,b,0.05075,1
1509238443068,b,0.05038,4.396
1509238443068,b,0.050299,0.502
1509238443068,b,0.05025,1
1509238443068,b,0.049802,4.425
1509238443068,b,0.04975,1
1509238443068,b,0.04971,0.8
1509238443068,b,0.049667,0.466
1509238443068,b,0.049661,4.251
1509238443068,b,0.04965,6.997
1509238443068,b,0.04964,0.849
1509238443068,b,0.049639,0.022
1509238443068,b,0.049261,2.045
1509238443068,b,0.04926,1
1509238443068,b,0.049155,127.734
1509238443068,b,0.0488,3.889
1509238443068,b,0.04877,1
1509238443068,b,0.048769,2.492
1509238443068,a,0.043651,3.193
1509238443068,a,0.043838,0.5
1509238443068,a,0.043993,0.03
1509238443068,a,0.044616,0.03
1509238443068,a,0.044619,5.18
1509238443068,a,0.045,0.432
1509238443068,a,0.045041,0.03
1509238443068,a,0.045083,1.96
1509238443068,a,0.045614,3.276
1509238443068,a,0.046106,1.317
1509238443068,a,0.04631,0.09
1509238443068,a,0.046581,2.8
1509238443068,a,0.047077,24.041
1509238443068,a,0.04755,3.388
1509238443068,a,0.04775,0.1
1509238443068,a,0.048046,4.872
1509238443068,a,0.048064,128.766
1509238443068,a,0.048126,4.24
1509238443068,a,0.048219,0.1
1509238443068,a,0.04824,0.058
1509238503069,b,0.053319,4.228
1509238503069,b,0.05281,1
1509238503069,b,0.052781,1.204
1509238503069,b,0.05229,1
1509238503069,b,0.052232,1.428
1509238503069,b,0.052,0.437
1509238503069,b,0.05177,1
1509238503069,b,0.051517,6.565
1509238503069,b,0.05131,1.654
1509238503069,b,0.05126,1
1509238503069,b,0.05108,0.096
1509238503069,b,0.050979,3.976
1509238503069,b,0.05083,0.06
1509238503069,b,0.05075,1
1509238503069,b,0.05038,4.396
1509238503069,b,0.050299,0.502
1509238503069,b,0.05025,1
1509238503069,b,0.049802,4.425
1509238503069,b,0.04975,1
1509238503069,b,0.04971,0.8
1509238503069,b,0.049667,0.466
1509238503069,b,0.049661,4.251
1509238503069,b,0.04965,6.997
1509238503069,b,0.04964,0.849
1509238503069,b,0.049639,0.022
1509238503069,b,0.049261,2.045
1509238503069,b,0.04926,1
1509238503069,b,0.049155,127.734
1509238503069,b,0.0488,3.889
1509238503069,b,0.04877,1
1509238503069,b,0.048767,2.492
1509238503069,a,0.043651,3.193
1509238503069,a,0.043838,0.5
1509238503069,a,0.043993,0.03
1509238503069,a,0.044616,0.03
1509238503069,a,0.044619,5.18
1509238503069,a,0.045,0.432
1509238503069,a,0.045041,0.03
1509238503069,a,0.045083,1.96
1509238503069,a,0.045614,3.276
1509238503069,a,0.046106,1.317
1509238503069,a,0.04631,0.09
1509238503069,a,0.046581,2.8
1509238503069,a,0.047077,24.041
1509238503069,a,0.04755,3.388
1509238503069,a,0.04775,0.1
1509238503069,a,0.048046,4.872
1509238503069,a,0.048083,128.766
1509238503069,a,0.048126,4.24
1509238503069,a,0.048219,0.1
1509238503069,a,0.04824,0.058
1509238563070,b,0.053319,4.228
1509238563070,b,0.05281,1
1509238563070,b,0.052781,1.204
1509238563070,b,0.05229,1
1509238563070,b,0.052232,1.428
1509238563070,b,0.052,0.437
1509238563070,b,0.05177,1
1509238563070,b,0.051517,6.565
1509238563070,b,0.05131,1.654
1509238563070,b,0.05126,1
1509238563070,b,0.05108,0.096
1509238563070,b,0.050979,3.976
1509238563070,b,0.05083,0.06
1509238563070,b,0.05075,1
1509238563070,b,0.05038,4.396
1509238563070,b,0.050299,0.502
1509238563070,b,0.05025,1
1509238563070,b,0.049802,4.425
1509238563070,b,0.04975,1
1509238563070,b,0.04971,0.8
1509238563070,b,0.049667,0.466
1509238563070,b,0.049661,4.251
1509238563070,b,0.04965,6.997
1509238563070,b,0.04964,0.849
1509238563070,b,0.049639,0.022
1509238563070,b,0.049261,2.045
1509238563070,b,0.04926,1
1509238563070,b,0.049201,127.734
1509238563070,b,0.0488,3.889
1509238563070,b,0.04877,1
1509238563070,b,0.048768,4.7
1509238563070,b,0.048767,2.492
1509238563070,a,0.043651,3.193
1509238563070,a,0.043838,0.5
1509238563070,a,0.043993,0.03
1509238563070,a,0.044616,0.03
1509238563070,a,0.044619,5.18
1509238563070,a,0.045,0.432
1509238563070,a,0.045041,0.03
1509238563070,a,0.045083,1.96
1509238563070,a,0.045614,3.276
1509238563070,a,0.046106,1.317
1509238563070,a,0.04631,0.09
1509238563070,a,0.046581,2.8
1509238563070,a,0.047077,24.041
1509238563070,a,0.04755,3.388
1509238563070,a,0.04775,0.1
1509238563070,a,0.048046,4.872
1509238563070,a,0.048212,128.766
1509238563070,a,0.048213,4.24
1509238563070,a,0.048219,0.1
1509238563070,a,0.04824,0.058
1509238623071,b,0.053319,4.228
1509238623071,b,0.05281,1
1509238623071,b,0.052781,1.204
1509238623071,b,0.05229,1
1509238623071,b,0.052232,1.428
1509238623071,b,0.052,0.437
1509238623071,b,0.05177,1
1509238623071,b,0.051517,6.565
1509238623071,b,0.05131,1.654
1509238623071,b,0.05126,1
1509238623071,b,0.05108,0.096
1509238623071,b,0.050979,3.976
1509238623071,b,0.05083,0.06
1509238623071,b,0.05075,1
1509238623071,b,0.05038,4.396
1509238623071,b,0.050299,0.502
1509238623071,b,0.05025,1
1509238623071,b,0.049802,4.425
1509238623071,b,0.04975,1
1509238623071,b,0.04971,0.8
1509238623071,b,0.049667,0.466
1509238623071,b,0.049661,4.251
1509238623071,b,0.04965,6.997
1509238623071,b,0.04964,0.849
1509238623071,b,0.049639,0.022
1509238623071,b,0.049261,2.045
1509238623071,b,0.04926,1
1509238623071,b,0.049182,127.734
1509238623071,b,0.0488,3.889
1509238623071,b,0.04877,1
1509238623071,b,0.048769,2.492
1509238623071,a,0.043651,3.193
1509238623071,a,0.043838,0.5
1509238623071,a,0.044039,0.03
1509238623071,a,0.044619,5.18
1509238623071,a,0.044662,0.03
1509238623071,a,0.045,0.432
1509238623071,a,0.045083,1.96
1509238623071,a,0.045088,0.03
1509238623071,a,0.045614,3.276
1509238623071,a,0.046106,1.317
1509238623071,a,0.04631,0.09
1509238623071,a,0.046581,2.8
1509238623071,a,0.047077,13.42
1509238623071,a,0.04755,3.388
1509238623071,a,0.04775,0.1
1509238623071,a,0.048046,4.872
1509238623071,a,0.048088,128.118
1509238623071,a,0.048213,4.24
1509238623071,a,0.048219,0.1
1509238623071,a,0.04824,0.058
1509238683072,b,0.053319,4.228
1509238683072,b,0.05281,1
1509238683072,b,0.052781,1.204
1509238683072,b,0.05229,1
1509238683072,b,0.052232,1.428
1509238683072,b,0.052,0.437
1509238683072,b,0.05177,1
1509238683072,b,0.051517,2.605
1509238683072,b,0.05131,1.654
1509238683072,b,0.05126,4.96
1509238683072,b,0.05108,0.096
1509238683072,b,0.050979,3.976
1509238683072,b,0.05083,0.06
1509238683072,b,0.05075,1
1509238683072,b,0.05038,4.396
1509238683072,b,0.050299,0.502
1509238683072,b,0.05025,1
1509238683072,b,0.049802,4.425
1509238683072,b,0.04975,1
1509238683072,b,0.04971,0.8
1509238683072,b,0.049667,0.466
1509238683072,b,0.049661,4.251
1509238683072,b,0.04965,6.997
1509238683072,b,0.04964,0.849
1509238683072,b,0.049639,0.022
1509238683072,b,0.049261,2.045
1509238683072,b,0.04926,1
1509238683072,b,0.049189,127.734
1509238683072,b,0.0488,3.889
1509238683072,b,0.04877,1
1509238683072,b,0.048655,3.92
1509238683072,b,0.048654,2.272
1509238683072,a,0.043651,3.193
1509238683072,a,0.043838,0.5
1509238683072,a,0.044039,0.03
1509238683072,a,0.044619,5.18
1509238683072,a,0.044662,0.03
1509238683072,a,0.045,0.432
1509238683072,a,0.045083,1.96
1509238683072,a,0.045088,0.03
1509238683072,a,0.045614,3.276
1509238683072,a,0.046106,1.317
1509238683072,a,0.04631,0.09
1509238683072,a,0.046581,2.8
1509238683072,a,0.047077,13.42
1509238683072,a,0.04755,3.388
1509238683072,a,0.04775,0.1
1509238683072,a,0.048046,4.872
1509238683072,a,0.048096,128.118
1509238683072,a,0.048213,4.24
1509238683072,a,0.048219,0.1
1509238683072,a,0.04824,0.058
1509238743073,b,0.053319,4.228
1509238743073,b,0.05281,1
1509238743073,b,0.052781,1.204
1509238743073,b,0.05229,1
1509238743073,b,0.052232,1.428
1509238743073,b,0.052,0.437
1509238743073,b,0.05177,1
1509238743073,b,0.051517,2.605
1509238743073,b,0.05131,1.654
1509238743073,b,0.05126,4.96
1509238743073,b,0.05108,0.096
1509238743073,b,0.050979,3.976
1509238743073,b,0.05083,0.06
1509238743073,b,0.05075,1
1509238743073,b,0.05038,4.396
1509238743073,b,0.050299,0.502
1509238743073,b,0.05025,1
1509238743073,b,0.049802,4.425
1509238743073,b,0.04975,1
1509238743073,b,0.04971,0.8
1509238743073,b,0.049667,0.466
1509238743073,b,0.049661,4.251
1509238743073,b,0.04965,6.997
1509238743073,b,0.04964,0.849
1509238743073,b,0.049639,0.022
1509238743073,b,0.049261,2.045
1509238743073,b,0.04926,1
1509238743073,b,0.049202,127.734
1509238743073,b,0.0488,3.889
1509238743073,b,0.04877,1
1509238743073,b,0.048769,2.649
1509238743073,a,0.043651,3.193
1509238743073,a,0.043838,0.5
1509238743073,a,0.044039,0.03
1509238743073,a,0.044619,5.18
1509238743073,a,0.044662,0.03
1509238743073,a,0.045,0.432
1509238743073,a,0.045083,1.96
1509238743073,a,0.045088,0.03
1509238743073,a,0.045614,3.276
1509238743073,a,0.046106,1.317
1509238743073,a,0.04631,0.09
1509238743073,a,0.046581,2.8
1509238743073,a,0.047077,13.42
1509238743073,a,0.04755,3.388
1509238743073,a,0.04775,0.1
1509238743073,a,0.048046,4.872
1509238743073,a,0.048106,128.118
1509238743073,a,0.048213,4.24
1509238743073,a,0.048219,0.1
1509238743073,a,0.04824,0.058
1509238803088,b,0.053319,4.228
1509238803088,b,0.05281,1
1509238803088,b,0.052781,1.204
1509238803088,b,0.05229,1
1509238803088,b,0.052232,1.428
1509238803088,b,0.052,0.437
1509238803088,b,0.05177,1
1509238803088,b,0.051517,2.605
1509238803088,b,0.05131,1.654
1509238803088,b,0.05126,4.96
1509238803088,b,0.05108,0.096
1509238803088,b,0.050979,3.976
1509238803088,b,0.05083,0.06
1509238803088,b,0.05075,1
1509238803088,b,0.05038,4.396
1509238803088,b,0.050299,0.502
1509238803088,b,0.05025,1
1509238803088,b,0.049802,4.425
1509238803088,b,0.04975,1
1509238803088,b,0.04971,0.8
1509238803088,b,0.049667,0.466
1509238803088,b,0.049661,4.251
1509238803088,b,0.04965,6.997
1509238803088,b,0.04964,0.849
1509238803088,b,0.049639,0.022
1509238803088,b,0.049261,2.045
1509238803088,b,0.04926,1
1509238803088,b,0.049195,127.734
1509238803088,b,0.0488,3.889
1509238803088,b,0.04877,1
1509238803088,b,0.048766,3.873
1509238803088,b,0.048765,2.492
1509238803088,a,0.043651,3.193
1509238803088,a,0.043838,0.5
1509238803088,a,0.044039,0.03
1509238803088,a,0.044619,5.18
1509238803088,a,0.044662,0.03
1509238803088,a,0.045,0.432
1509238803088,a,0.045083,1.96
1509238803088,a,0.045088,0.03
1509238803088,a,0.045614,3.276
1509238803088,a,0.046106,1.317
1509238803088,a,0.04631,0.09
1509238803088,a,0.046581,2.8
1509238803088,a,0.047077,13.42
1509238803088,a,0.04755,3.388
1509238803088,a,0.04775,0.1
1509238803088,a,0.048046,4.872
1509238803088,a,0.048102,128.118
1509238803088,a,0.048117,4.24
1509238803088,a,0.048219,0.1
1509238803088,a,0.04824,0.058
1509238863089,b,0.053319,4.228
1509238863089,b,0.05281,1
1509238863089,b,0.052781,1.204
1509238863089,b,0.05229,1
1509238863089,b,0.052232,1.428
1509238863089,b,0.052,0.437
1509238863089,b,0.05177,1
1509238863089,b,0.051517,2.605
1509238863089,b,0.05131,1.654
1509238863089,b,0.05126,1
1509238863089,b,0.05108,0.096
1509238863089,b,0.050979,3.976
1509238863089,b,0.05083,0.06
1509238863089,b,0.05075,4.96
1509238863089,b,0.05038,4.396
1509238863089,b,0.050299,0.502
1509238863089,b,0.05025,1
1509238863089,b,0.049802,4.425
1509238863089,b,0.04975,1
1509238863089,b,0.04971,0.8
1509238863089,b,0.049667,0.466
1509238863089,b,0.049661,4.251
1509238863089,b,0.04965,6.997
1509238863089,b,0.04964,0.849
1509238863089,b,0.049639,0.022
1509238863089,b,0.049261,2.045
1509238863089,b,0.04926,1
1509238863089,b,0.049197,127.734
1509238863089,b,0.0488,3.889
1509238863089,b,0.04877,1
1509238863089,b,0.048767,2.492
1509238863089,b,0.048766,0.395
1509238863089,a,0.043651,3.193
1509238863089,a,0.043838,0.5
1509238863089,a,0.044039,0.03
1509238863089,a,0.044619,5.18
1509238863089,a,0.044662,0.03
1509238863089,a,0.045,0.432
1509238863089,a,0.045083,1.96
1509238863089,a,0.045088,0.03
1509238863089,a,0.045614,3.276
1509238863089,a,0.046106,1.317
1509238863089,a,0.04631,0.09
1509238863089,a,0.046581,2.8
1509238863089,a,0.047077,2.8
1509238863089,a,0.04755,3.388
1509238863089,a,0.04775,0.1
1509238863089,a,0.048046,4.872
1509238863089,a,0.048102,128.118
1509238863089,a,0.048117,4.24
1509238863089,a,0.048219,0.1
1509238863089,a,0.04824,0.058
1509238923089,b,0.053319,4.228
1509238923089,b,0.05281,1
1509238923089,b,0.052781,1.204
1509238923089,b,0.05229,1
1509238923089,b,0.052232,1.428
1509238923089,b,0.052,0.437
1509238923089,b,0.05177,1
1509238923089,b,0.051517,2.605
1509238923089,b,0.05131,1.654
1509238923089,b,0.05126,4.96
1509238923089,b,0.05108,0.096
1509238923089,b,0.050979,3.976
1509238923089,b,0.05083,0.06
1509238923089,b,0.05075,1
1509238923089,b,0.05038,4.396
1509238923089,b,0.050299,0.502
1509238923089,b,0.05025,1
1509238923089,b,0.049802,4.425
1509238923089,b,0.04975,1
1509238923089,b,0.04971,0.8
1509238923089,b,0.049667,0.466
1509238923089,b,0.049661,4.251
1509238923089,b,0.04965,6.997
1509238923089,b,0.04964,0.849
1509238923089,b,0.049639,0.022
1509238923089,b,0.049332,127.734
1509238923089,b,0.049261,2.045
1509238923089,b,0.04926,1
1509238923089,b,0.0488,3.889
1509238923089,b,0.04877,1
1509238923089,b,0.048765,2.492
1509238923089,a,0.043651,3.193
1509238923089,a,0.043838,0.5
1509238923089,a,0.044082,0.03
1509238923089,a,0.044619,5.18
1509238923089,a,0.044705,0.03
1509238923089,a,0.045,0.432
1509238923089,a,0.045083,1.96
1509238923089,a,0.045131,0.03
1509238923089,a,0.045614,3.276
1509238923089,a,0.046106,1.317
1509238923089,a,0.04631,0.09
1509238923089,a,0.046581,2.8
1509238923089,a,0.047077,24.041
1509238923089,a,0.04755,3.388
1509238923089,a,0.04775,0.1
1509238923089,a,0.048046,4.872
1509238923089,a,0.048102,128.118
1509238923089,a,0.048117,4.24
1509238923089,a,0.048219,0.1
1509238923089,a,0.04824,0.058
1509238983090,b,0.053319,4.228
1509238983090,b,0.05281,1
1509238983090,b,0.052781,1.204
1509238983090,b,0.05229,1
1509238983090,b,0.052232,1.428
1509238983090,b,0.052,0.437
1509238983090,b,0.05177,1
1509238983090,b,0.051517,2.605
1509238983090,b,0.05131,1.654
1509238983090,b,0.05126,4.96
1509238983090,b,0.05108,0.096
1509238983090,b,0.050979,3.976
1509238983090,b,0.05083,0.06
1509238983090,b,0.05075,1
1509238983090,b,0.05038,4.396
1509238983090,b,0.050299,0.502
1509238983090,b,0.05025,1
1509238983090,b,0.049802,4.425
1509238983090,b,0.04975,1
1509238983090,b,0.04971,0.8
1509238983090,b,0.049667,0.466
1509238983090,b,0.049661,4.251
1509238983090,b,0.04965,6.997
1509238983090,b,0.04964,0.849
1509238983090,b,0.049639,0.022
1509238983090,b,0.049261,2.045
1509238983090,b,0.04926,1
1509238983090,b,0.049175,127.734
1509238983090,b,0.0488,3.889
1509238983090,b,0.04877,1
1509238983090,b,0.048768,0.25
1509238983090,b,0.048767,2.492
1509238983090,a,0.043651,3.193
1509238983090,a,0.043838,0.5
1509238983090,a,0.044082,0.03
1509238983090,a,0.044619,5.18
1509238983090,a,0.044705,0.03
1509238983090,a,0.045,0.432
1509238983090,a,0.045083,1.96
1509238983090,a,0.045131,0.03
1509238983090,a,0.045614,3.276
1509238983090,a,0.046106,1.317
1509238983090,a,0.04631,0.09
1509238983090,a,0.046581,2.8
1509238983090,a,0.047077,24.041
1509238983090,a,0.04755,3.388
1509238983090,a,0.04775,0.1
1509238983090,a,0.048046,4.872
1509238983090,a,0.048102,128.118
1509238983090,a,0.048117,4.24
1509238983090,a,0.048219,0.1
1509238983090,a,0.04824,0.058
1509239043090,b,0.053319,4.228
1509239043090,b,0.05281,1
1509239043090,b,0.052781,1.204
1509239043090,b,0.05229,1
1509239043090,b,0.052232,1.428
1509239043090,b,0.052,0.437
1509239043090,b,0.05177,1
1509239043090,b,0.051517,2.605
1509239043090,b,0.05131,1.654
1509239043090,b,0.05126,4.96
1509239043090,b,0.05108,0.096
1509239043090,b,0.050979,3.976
1509239043090,b,0.05083,0.06
1509239043090,b,0.05075,1
1509239043090,b,0.05038,4.396
1509239043090,b,0.050299,0.502
1509239043090,b,0.05025,1
1509239043090,b,0.049802,4.425
1509239043090,b,0.04975,1
1509239043090,b,0.04971,0.8
1509239043090,b,0.049667,0.466
1509239043090,b,0.049661,4.251
1509239043090,b,0.04965,6.997
1509239043090,b,0.04964,0.849
1509239043090,b,0.049639,0.022
1509239043090,b,0.049261,2.045
1509239043090,b,0.04926,1
1509239043090,b,0.049197,127.734
1509239043090,b,0.0488,3.889
1509239043090,b,0.04877,1
1509239043090,b,0.048769,2.492
1509239043090,b,0.048768,0.121
1509239043090,a,0.043651,3.193
1509239043090,a,0.043838,0.5
1509239043090,a,0.044082,0.03
1509239043090,a,0.044619,5.18
1509239043090,a,0.044705,0.03
1509239043090,a,0.045,0.432
1509239043090,a,0.045083,1.96
1509239043090,a,0.045131,0.03
1509239043090,a,0.045614,3.276
1509239043090,a,0.046106,1.317
1509239043090,a,0.04631,0.09
1509239043090,a,0.046581,2.8
1509239043090,a,0.047077,24.041
1509239043090,a,0.04755,3.388
1509239043090,a,0.04775,0.1
1509239043090,a,0.048046,4.872
1509239043090,a,0.048102,128.118
1509239043090,a,0.048117,4.24
1509239043090,a,0.048219,0.1
1509239043090,a,0.04824,0.058
1509239103091,b,0.053319,4.228
1509239103091,b,0.05281,1
1509239103091,b,0.052781,1.204
1509239103091,b,0.05229,1
1509239103091,b,0.052232,1.428
1509239103091,b,0.052,0.437
1509239103091,b,0.05177,1
1509239103091,b,0.051517,2.605
1509239103091,b,0.05131,1.654
1509239103091,b,0.05126,4.96
1509239103091,b,0.05108,0.096
1509239103091,b,0.050979,3.976
1509239103091,b,0.05083,0.06
1509239103091,b,0.05075,1
1509239103091,b,0.05038,4.396
1509239103091,b,0.050299,0.502
1509239103091,b,0.05025,1
1509239103091,b,0.049802,4.425
1509239103091,b,0.04975,1
1509239103091,b,0.04971,0.8
1509239103091,b,0.049667,0.466
1509239103091,b,0.049661,4.251
1509239103091,b,0.04965,6.997
1509239103091,b,0.04964,0.849
1509239103091,b,0.049639,0.022
1509239103091,b,0.049266,127.734
